2262 3224
374 248 462 291 384

978 262 1356 296 BIBLIOGRAPHY.

750 389 812 429 11.
824 408 868 413 —
881 388 1299 436 PROLEGOMENA,
1333 388 1606 430 EXEGESIS.

373 486 606 529 *Andresem
628 485 672 522 G.
715 487 869 521 Tacitus’
888 487 1063 532 Dialoyus
1082 487 1134 521 als

451 547 696 589 Sebullectu‘re,
734 546 912 581 Zeitschr.
940 546 967 581 f.
998 546 1134 592 Gymn.

449 607 567 641 XXV
586 608 768 642 305-328.
779 630 830 634 —
840 608 1084 642 Introduction
1104 614 1136 642 to

448 669 500 702 his
519 668 648 702 edition
666 679 726 713 pp.
748 668 805 702 11.

373 728 548 770 *Becker,
583 728 628 763 U.
694 728 889 763 Seebode’s
921 728 1063 764 Archiv
1094 728 1136 763 II

448 790 493 825 71
508 789 547 823 ff.
561 808 605 821 =
616 789 733 824 Orelli
746 789 759 811 1
776 801 811 834 p.
828 790 961 824 95-98.
981 789 1061 835 (On
1071 789 1136 824 the

449 850 584 885 lacuna
602 850 642 884 in
661 862 690 884 c.
711 850 790 899 40.)

399 910 629 956 Bernhardy,
646 910 689 945 G.
727 911 828 944 Rom.
844 911 989 945 Literat.
1006 910 1100 946 1872
1110 910 1134 944 ⁵.

449 983 483 1016 p.
505 972 586 1005 859.
609 982 644 1016 p.
666 972 847 1005 862-865.

400 1031 520 1073 Birth,
553 1031 693 1066 Theod.
756 1033 818 1065 Zu
852 1032 1015 1066 Seneca’s
1051 1032 1137 1066 Tra-

449 1093 606 1139 9oedien‚
645 1092 778 1126 Rhein.
814 1092 914 1127 Mus.
959 1092 1137 1127 XXXIV

443 1165 479 1198 p.
501 1154 582 1187 509.

402 1213 546 1255 Crome,
563 1214 603 1247 L.
619 1213 663 1249 G.
717 1214 772 1248 De
792 1215 937 1260 leyendo
955 1214 1040 1248 dial.
1068 1240 1076 1248 .
1098 1239 1106 1248 .
1127 1239 1136 1248 .

452 1275 511 1320 qui
530 1275 569 1308 T.
590 1275 691 1320 vulyo
709 1275 919 1316 inscribitur,
943 1274 1089 1320 Magaz.
1108 1274 1136 1309 f.

452 1335 615 1370 oeffentl.
647 1335 772 1370 Schul.
802 1338 871 1370 etc.
899 1335 920 1369 Ι
948 1336 1067 1370 35-56
1098 1335 1138 1370 II

453 1396 560 1438 1-23,
581 1395 785 1441 Lflneburg
806 1396 964 1444 1790s1.

403 1456 560 1502 Deycks,
571 1456 630 1490 Fr.
664 1457 719 1491 De
732 1463 817 1491 orat.
832 1458 917 1491 dial.
936 1457 1056 1491 Tacito
1068 1458 1139 1491 vin-

453 1518 599 1559 dicatus,
624 1517 792 1552 Prooem.
817 1517 1011 1552 Muenster
1031 1518 1137 1552 1856.

378 1577 636 1619 *Doederlein‚
675 1578 717 1612 L.
772 1577 906 1612 Rhein.
943 1578 1041 1613 Mus.
1078 1578 1140 1612 III

455 1639 573 1673 16-19
588 1638 785 1674 =Ore11i1
811 1650 846 1684 p.
867 1639 1012 1673 98-100
1030 1651 1038 1682 ;
1067 1639 1141 1673 Ru-

453 1699 560 1744 perti,
582 1699 703 1734 Praef.
723 1699 795 1734 vol.
816 1699 836 1733 Ι
853 1711 888 1745 p.
908 1711 989 1734 xcv.

379 1760 540 1804 *Dupre,
562 1760 608 1794 A.
653 1760 750 1794 Dial.
773 1762 815 1794 de
835 1767 920 1795 orat.
941 1773 1004 1795 nec
1023 1761 1138 1801 Quint.

454 1832 517 1855 nec
535 1821 644 1854 cuivis
668 1821 731 1855 alii
758 1822 820 1855 sed
854 1821 974 1856 Tacito
1003 1821 1142 1855 adiudi-

455 1882 607 1915 candum
625 1893 706 1923 esse,
730 1881 869 1927 (These
896 1882 942 1916 de
969 1881 1138 1930 Rennes)

456 1941 581 1976 Calais
601 1942 694 1976 1849
714 1953 775 1987 pp.
795 1942 854 1977 70.

380 2002 596 2044 *Ecksteim
618 2003 659 2036 F.
681 2003 726 2036 A.
767 2004 908 2048 Proleq.
925 2004 962 2036 in
986 2003 1069 2037 Tac.
1084 2003 1142 2048 qui

456 2064 688 2108 vulqofertur
715 2064 799 2097 dial.
830 2065 873 2097 a'e
902 2069 1000 2105 orat.,
1031 2063 1142 2097 Halle

459 2124 554 2157 1835
573 2135 633 2168 pp.
655 2123 712 2158 84.

407 2183 638 2226 Eichstaedt,
664 2184 712 2218 H.
733 2183 773 2219 C.
796 2184 841 2218 A.
892 2184 948 2219 De
972 2185 1057 2219 dial.
1086 2185 1144 2230 qui

457 2245 656 2279 inscribitur
679 2246 722 2279 de
747 2251 845 2287 orat„
882 2244 975 2279 Iena
993 2245 1087 2279 1839
1102 2262 1145 2276 =

459 2305 610 2346 Quaest.
630 2305 721 2350 phil.
743 2303 844 2350 Spec.
865 2305 932 2339 VI.

408 2365 615 2408 Fabricius,
632 2365 662 2399 Ι.
676 2366 722 2399 Α.
775 2365 958 2400 Biblioth.
980 2365 1063 2400 Lat.
1083 2365 1141 2400 ed.

395 2439 398 2442 ⁴
459 2426 611 2460 Ernesti
629 2426 670 2460 ΙΙ
688 2426 771 2460 325.

409 2486 629 2528 Gilbertsw.
655 2487 781 2521 Fleek.
789 2486 922 2522 Jahrb.
932 2486 1145 2521 CXXXIII

458 2558 493 2591 p.
513 2548 696 2581 203-212.

411 2607 585 2653 Goering,
603 2608 647 2641 A.
701 2608 756 2642 De
775 2609 860 2642 dial.
882 2634 889 2642 .
911 2634 918 2642 .
940 2634 947 2641 .
962 2614 1146 2653 praestan-

460 2669 508 2702 tia
527 2669 559 2710 I,
580 2668 706 2713 Progr.
727 2668 902 2702 Luebeck
922 2669 1027 2702 1829.

385 2727 646 2770 *Gruenwald,
672 2729 767 2774 Eug.
818 2729 914 2768 Quae
933 2730 1021 2763 ratio
1041 2729 1143 2762 inter-

461 2790 579 2822 cedere
600 2790 758 2823 videatur
769 2790 858 2823 inter
877 2790 992 2829 Quint.
1013 2795 1044 2823 et
1062 2789 1144 2823 Tac.

460 2849 570 2891 Dial.,
592 2849 688 2883 Berl.
711 2849 808 2883 Diss.
830 2850 924 2883 1883
947 2861 1006 2894 pp.
1027 2850 1084 2884 57.

1226 485 1435 529 Gudeman,
1459 487 1504 520 A.
1557 487 1590 521 A
1622 499 1696 522 new
1712 488 1896 534 fraqment
1921 489 1968 535 of

1222 567 1229 572 -
1279 547 1432 582 Cicero’s
1466 548 1685 590 Hortensius,
1722 548 1826 584 Proc.
1871 549 1958 584 Am.

1275 607 1371 642 Phil.
1392 607 1475 643 Ass.
1495 608 1616 642 XXII
1633 608 1767 643 46-48.

1199 667 1430 711 *Gutmanm
1451 669 1499 703 H.
1552 669 1647 704 Diss.
1668 682 1736 715 qua
1759 670 1800 704 T.
1815 671 1900 705 dial.
1915 671 1960 706 de

1275 736 1359 764 orat.
1373 730 1571 775 scriptorem
1585 743 1654 765 non
1667 743 1737 765 esse
1751 732 1961 766 demonstra-

1275 797 1331 824 tur
1342 809 1385 822 =
1398 790 1515 825 Orelli
1530 791 1543 813 1
1568 802 1603 836 p.
1633 791 1814 826 101-114.
1832 814 1884 819 —
1900 792 1961 827 In-

1275 852 1469 886 troduction
1498 854 1538 886 ‘co
1569 851 1733 887 German
1760 852 1890 888 transl.
1919 852 1961 888 of

1274 911 1338 946 the
1351 911 1448 946 Dial.
1467 912 1656 958 Stuttgart
1668 913 1960 949 1830.—.Jahn’s

1276 972 1426 1015 Archiv,
1460 972 1587 1018 Suppl.
1621 973 1689 1008 Bd.
1721 973 1797 1008 XV
1823 973 1958 1024 (1849)

1274 1044 1334 1078 pp.
1358 1033 1539 1068 139-150.

1226 1093 1397 1128 Haackh.
1457 1094 1607 1140 Pauly’s
1637 1094 1868 1141 Realencycl.
1898 1094 1961 1130 111

1276 1155 1347 1190 207
1362 1154 1389 1188 f.
1417 1157 1504 1189 note
1524 1156 1545 1188 2
1576 1155 1668 1200 (s.v.
1697 1156 1834 1201 Eprius
1859 1156 1963 1191 Mar-

1275 1216 1412 1264 cellus).
1465 1215 1523 1250 VI
1540 1216 1574 1258 2,
1595 1216 1701 1251 1570.

1201 1276 1361 1318 *Haase,
1372 1276 1433 1310 Fr.
1461 1275 1583 1310 Praef.
1596 1276 1686 1310 edit.
1700 1277 1772 1311 vol.
1786 1277 1806 1311 I
1817 1288 1878 1322 pp.
1894 1287 1959 1320 Lx,

1201 1337 1332 1378 *Hess,
1365 1337 1425 1371 Fr.
1489 1337 1544 1371 De
1581 1337 1621 1371 C.
1656 1337 1809 1372 Caecilio
1839 1338 1962 1373 Plinio

1275 1398 1370 1431 Min.
1401 1398 1486 1432 dial.
1514 1399 1557 1432 de
1580 1404 1665 1432 orat.
1686 1404 1835 1441 auctore,
1855 1397 1961 1433 Neue

1275 1457 1407 1492 Jahrb.
1451 1458 1486 1492 d.
1525 1458 1685 1504 Paedag.
1729 1470 1776 1493 zu
1820 1458 1963 1493 Lieben

1278 1518 1437 1561 Frauen,
1482 1518 1719 1565 Magdeburg
1763 1519 1857 1554 1831
1898 1529 1960 1565 pp.

1279 1579 1385 1613 1-56.

1229 1639 1486 1682 Hoffmeister‚
1516 1639 1556 1675 C.
1616 1641 1685 1675 Die
1705 1641 1963 1675 Weltansckau-

1278 1713 1350 1746 unq
1368 1702 1428 1735 des
1453 1701 1548 1742 Tac„
1570 1701 1689 1735 Essen
1709 1701 1814 1735 1831.

1229 1760 1657 1806 Hofman-Peerlkamp.
1747 1762 1888 1796 Review
1921 1759 1963 1796 of

1279 1821 1463 1856 Dronke’s
1506 1821 1651 1856 edition
1705 1821 1822 1867 (Bibl.
1867 1821 1960 1857 Crit.

1279 1882 1387 1917 Nova
1405 1882 1424 1916 Ι
1444 1883 1496 1931 1).

1203 1943 1381 1984 *Jansen,
1412 1943 1440 1976 I.
1468 1943 1516 1977 H.
1537 1943 1583 1976 A.
1608 1942 1651 1978 G.
1703 1943 1759 1977 De
1800 1943 1840 1977 T.
1876 1943 1963 1978 dial.

1280 2010 1428 2045 auctore,
1450 2003 1670 2049 Groningen
1689 2003 1784 2038 1878
1802 2014 1862 2048 pp.
1884 2003 1942 2037 82.

1231 2064 1523 2106 Kirchenbauer,
1560 2064 1605 2098 A.
1678 2065 1733 2098 De
1768 2064 1965 2099 oeconomia

1281 2125 1359 2159 libri
1394 2125 1452 2170 qui
1488 2125 1625 2159 inscrib.
1661 2125 1747 2159 dial.
1783 2126 1826 2159 de
1865 2131 1964 2168 orat„

1281 2186 1408 2231 Progr.
1429 2185 1581 2220 Olmutz
1598 2186 1703 2220 1855.

1231 2245 1496 2288 Kirschbaum,
1524 2246 1572 2280 H.
1594 2246 1623 2280 Ι.
1681 2246 1774 2286 Quid
1797 2245 1837 2280 T.
1856 2257 1967 2280 sense-

1281 2307 1325 2340 rit
1355 2308 1398 2340 de
1426 2307 1526 2341 rebus
1551 2307 1712 2351 publicis,
1745 2305 1842 2341 Diss.
1874 2305 1968 2341 Iena

1283 2367 1389 2401 1857.

1207 2426 1395 2469 *Kleiber,
1415 2427 1457 2461 L.
1515 2427 1608 2467 Quid
1628 2428 1667 2461 T.
1687 2428 1724 2461 in
1742 2427 1827 2461 dial.
1840 2427 1969 2472 priori-

1283 2488 1343 2522 bus
1361 2488 1583 2532 scriptoribus
1601 2488 1732 2529 debeat,
1745 2487 1842 2522 Diss.
1856 2486 1967 2522 Halle

1284 2548 1391 2581 1883.

1234 2608 1474 2650 Klossmann,
1495 2608 1525 2642 Ι.
1543 2608 1583 2642 F.
1611 2609 1751 2654 Proley.
1767 2609 1804 2642 in
1822 2609 1906 2643 dial.
1922 2609 1965 2642 de

1283 2674 1380 2710 orat„
1395 2668 1492 2703 Diss.
1510 2668 1665 2703 Breslau
1684 2669 1790 2703 1819.
1841 2669 1967 2714 Progr.

1283 2728 1453 2774 Madgal..
1473 2729 1610 2774 Gymn.
1631 2729 1786 2765 Breslau
1806 2729 1911 2763 1833.

1235 2789 1491 2831 Kramarczik,
1513 2789 1594 2824 Ioh.
1615 2789 1684 2823 Im.
1738 2790 1864 2835 Progr.
1881 2788 1970 2824 Hei-

1285 2849 1490 2895 ligenstadt
1511 2850 1616 2884 1841.

553 2932 572 2952 ³*
592 2932 641 2961 To
655 2932 791 2962 articles
804 2933 945 2962 marked
960 2933 1043 2962 with
1057 2941 1101 2962 an
1115 2932 1260 2963 asterisk
1274 2932 1399 2970 special
1414 2933 1579 2962 attention
1594 2933 1622 2963 is
1636 2933 1794 2963 directed.
