2262 3224
354 213 441 256 172
965 218 968 222 ·
1070 222 1233 257 NOTES.

411 338 463 375 22
495 338 584 376 Iuli
607 338 822 377 Africani:
853 336 1090 387 According
1113 340 1156 376 to
1178 337 1317 383 Quint.
1337 339 1378 376 X
1395 338 1521 386 1,118
1546 337 1690 376 Julius
1715 336 1943 377 Africanus

355 416 440 442 was
462 406 564 442 next
583 406 628 442 to
648 402 858 441 Domitius
880 402 986 441 Afer
1011 402 1084 441 the
1114 405 1222 441 most
1245 402 1556 452 distinguished
1576 406 1714 441 orator
1734 402 1872 442 whom
1890 402 1943 442 he

355 470 439 508 had
469 469 648 507 known:
680 481 822 507 eorum
852 480 954 518 quos
986 467 1163 506 viderim
1193 468 1243 507 D.
1267 467 1316 506 A.
1340 472 1382 506 et
1402 468 1544 507 Julius
1566 468 1791 507 Africanus
1821 467 1943 519 longe

355 534 709 587 praestantissimi
731 565 739 572 .
764 564 772 572 .
797 564 804 572 .
827 534 895 573 hic
917 533 1163 573 concitatior
1192 534 1265 572 sed
1294 534 1338 572 in
1365 546 1463 582 cura
1483 534 1702 573 verborum
1726 534 1880 574 nimius
1902 538 1945 574 et

356 602 656 652 compositione
688 587 1001 651 nonnumquam
1030 600 1194 650 longior
1219 604 1261 639 et
1284 601 1629 640 translationibus
1651 615 1798 652 parum
1818 601 1945 640 modi-

357 682 440 708 cus.
503 668 566 707 Cf.
595 667 682 706 also
705 667 796 705 XII
818 667 883 716 10,
907 667 956 705 11
986 667 1096 705 vires
1118 667 1324 716 Africani,
1345 668 1630 712 maturitatem
1662 668 1771 707 Afri.
1819 669 1887 707 He
1908 668 1944 708 is

356 735 479 785 again
500 733 742 772 mentioned
764 733 979 783 alongside
1002 733 1047 771 of
1066 733 1171 771 Afer
1192 733 1237 771 in
1257 746 1289 772 c.
1309 734 1372 772 15.
1432 734 1500 773 He
1521 748 1605 773 was
1626 748 1651 773 a
1671 739 1946 786 countryman

355 802 402 840 of
420 801 486 840 his
502 801 765 851 biographer,
784 800 877 848 and,
897 813 947 838 on
970 813 1048 838 one
1065 800 1266 849 occasion,
1281 800 1410 851 spoke
1427 801 1472 839 in
1486 801 1632 840 behalf
1651 801 1697 839 of
1715 801 1782 840 his
1803 800 1945 840 native

356 871 463 906 state
487 867 708 922 (probably
736 867 809 905 the
843 866 1030 916 Santoni,
1053 879 1098 905 as
1126 879 1301 917 appears
1330 867 1439 905 from
1460 868 1554 906 Tac.
1578 867 1686 906 Ann.
1709 868 1771 907 VI
1793 869 1830 916 7,
1851 867 1946 906 who

356 946 464 984 says,
480 933 687 983 referring
707 936 751 971 to
773 933 839 971 his
861 933 1013 982 father,
1036 933 1238 971 executed
1257 933 1391 971 under
1404 933 1594 971 Tiberius
1611 934 1663 972 32
1677 946 1716 971 A.
1730 947 1783 982 D„
1801 933 1945 972 Julius

356 999 584 1038 Africanus
628 1012 649 1038 e
691 999 886 1037 Santonis
924 999 1087 1039 Gallica
1122 999 1326 1051 civitate).
1389 999 1463 1037 See
1498 999 1638 1045 Quint.
1671 999 1784 1039 VIII
1807 991 1856 1048 ’5,
1894 999 1947 1038 15

357 1066 581 1115 insigniter
608 1065 835 1104 Africanus
869 1065 980 1115 apud
1008 1066 1220 1104 Neronem
1252 1066 1301 1103 de
1331 1069 1464 1103 morte
1494 1065 1639 1104 matris
1661 1080 1668 1103 :
1691 1065 1862 1115 ‘rogant
1890 1069 1946 1115 te,

358 1133 521 1180 Caesar,
551 1132 713 1171 Galliae
747 1135 856 1180 tuae,
883 1134 932 1169 ut
962 1131 1210 1170 felicitatem
1234 1135 1350 1170 tuam
1371 1131 1539 1169 fortiter
1560 1131 1694 1170 feras'
1735 1131 1845 1170 Plin.
1868 1132 1945 1182 Ep.

357 1198 444 1237 VII
465 1199 502 1247 6,
526 1198 577 1236 11
599 1198 628 1236 f.
653 1198 862 1236 mentions
894 1210 918 1236 a
945 1198 1153 1247 grandson
1185 1197 1231 1235 of
1263 1198 1334 1236 the
1367 1202 1505 1236 orator
1536 1198 1630 1236 who
1660 1210 1745 1236 was
1777 1197 1865 1236 also
1894 1210 1948 1236 an

357 1265 570 1313 advocate,
595 1265 678 1302 and
708 1264 892 1314 opposed
925 1267 969 1302 to
1004 1263 1092 1301 him
1128 1263 1171 1301 in
1202 1276 1226 1302 a
1255 1263 1415 1302 certain
1446 1263 1947 1314 tria1.-componendo:

359 1331 424 1370 On
443 1330 530 1368 this
553 1329 851 1368 instrumental
872 1329 951 1369 abl.
975 1329 1020 1368 of
1049 1330 1121 1368 the
1152 1330 1311 1380 gei-und
1331 1329 1384 1367 cf.
1408 1334 1504 1367 note
1526 1342 1558 1368 c.
1583 1330 1633 1367 11
1658 1336 1689 1367 6.
1705 1330 1950 1369 —homini-

357 1398 447 1444 bus,
475 1396 484 1412 ³
499 1396 691 1434 readers?
737 1395 746 1411 ¹
761 1396 884 1446 Spem
905 1395 1044 1434 facere
1066 1395 1192 1433 alicui
1213 1395 1402 1433 alicuius'
1425 1395 1513 1433 also
1534 1395 1578 1432 in
1601 1395 1691 1433 Liv.
1706 1395 1948 1435 XXXVIII

359 1463 396 1512 1,
419 1464 455 1501 3.

415 1530 468 1568 23
500 1530 764 1569 scholasticis
789 1529 1104 1571 controversiis:
1138 1528 1200 1567 Cf.
1230 1529 1321 1566 Sen.
1347 1528 1486 1567 Contr.
1519 1529 1541 1566 I
1572 1528 1702 1578 praef.
1736 1529 1787 1566 12
1819 1528 1952 1567 decla-

360 1596 500 1634 mabat
520 1598 661 1633 autem
682 1594 838 1642 Cicero,
856 1607 940 1632 non
957 1594 1100 1644 quales
1117 1606 1226 1632 nunc
1243 1594 1548 1631 controversias
1565 1594 1753 1642 dicimus,
1771 1606 1823 1632 ne
1842 1594 1949 1632 tales

361 1661 542 1712 quidem,
575 1661 718 1711 quales
750 1664 846 1699 ante
879 1660 1119 1699 Ciceronem
1150 1659 1406 1707 dicebantur,
1429 1672 1531 1710 quas
1561 1660 1702 1698 theses
1731 1660 1949 1709 vocabant,

360 1728 437 1766 hoc
467 1727 579 1766 enim
611 1739 740 1777 genus
771 1726 971 1764 materiae
1006 1739 1087 1776 quo
1117 1738 1191 1763 nos
1224 1738 1463 1764 exercemur
1493 1726 1595 1764 adeo
1625 1739 1778 1764 novum
1805 1729 1881 1774 est,
1901 1729 1950 1764 ut

361 1806 512 1832 nomen
544 1806 707 1844 quoque
730 1792 818 1830 eius
841 1805 995 1830 novum
1026 1792 1092 1830 sit.
1154 1791 1458 1830 controversias
1486 1804 1560 1830 nos
1592 1791 1780 1840 dicimus,
1807 1791 1952 1831 Cicero

361 1872 506 1898 causas
538 1859 724 1898 vocabat.
775 1858 852 1897 hoc
876 1871 975 1896 vero
1006 1858 1183 1896 alterum
1214 1870 1363 1895 nomen
1387 1857 1589 1896 Graecum
1610 1857 1791 1908 quidem,
1814 1858 1887 1896 sed
1906 1857 1952 1895 in

362 1926 561 1964 Latinum
592 1925 653 1963 ita
681 1925 932 1963 translatum
962 1928 1010 1962 ut
1040 1937 1114 1974 pro
1136 1924 1287 1962 Latino
1309 1923 1377 1972 sit,
1400 1923 1649 1962 scholastica
1669 1923 1953 1962 controversia

362 1993 494 2030 multo
525 1991 734 2030 recentius
766 1994 829 2029 est
879 1990 1019 2036 Quint.
1043 1991 1105 2029 IV
1125 1990 1162 2038 2,
1186 1990 1249 2028 92.
1273 1991 1325 2029 97
1352 1989 1613 2028 scholasticis
1643 1989 1949 2028 controversiis.

363 2059 435 2109 Cp.
459 2061 557 2096 note
578 2071 610 2097 c.
634 2058 687 2096 35
710 2063 751 2094 15
771 2056 910 2094 which
939 2068 1114 2106 passage
1145 2055 1233 2093 also
1264 2055 1454 2105 explains
1481 2055 1553 2094 the
1581 2055 1779 2094 omission
1800 2055 1846 2094 of
1865 2068 1954 2094 suae

364 2124 498 2163 soriae
520 2124 630 2162 here.

419 2191 472 2228 24
503 2191 661 2230 otium·
685 2215 691 2222 -
714 2215 721 2222 -
744 2199 1003 2229 consumere:
1036 2188 1099 2227 On
1131 2189 1203 2226 the
1230 2188 1422 2237 thought,
1464 2188 1515 2226 cf.
1546 2188 1654 2227 Plin.
1682 2189 1758 2239 Ep.
1784 2189 1831 2226 II
1859 2189 1898 2237 3,
1926 2189 1953 2227 5

367 2258 434 2312 (de
463 2258 582 2295 Isaeo
614 2255 812 2306 quodam)
836 2255 1006 2292 Annum
1037 2254 1340 2303 sexagesimum
1365 2254 1544 2292 excessit
1574 2257 1615 2292 et
1642 2254 1776 2293 adhuc
1799 2254 1955 2293 schola-

364 2323 493 2361 sticus
509 2326 675 2360 tantum
692 2325 780 2371 est3
813 2333 894 2371 quo
915 2333 1065 2370 genere
1086 2320 1300 2358 hominum
1321 2319 1430 2357 nihil
1450 2323 1522 2358 aut
1543 2319 1745 2358 sincerius
1766 2324 1839 2359 aut
1859 2319 1955 2358 sim-

364 2389 515 2440 plicius
547 2391 619 2426 aut
649 2387 811 2425 melius.
848 2399 922 2424 nos
949 2385 1061 2424 enim
1082 2385 1153 2436 qui
1184 2385 1229 2423 in
1259 2385 1350 2424 foro
1380 2385 1572 2435 verisque
1602 2385 1748 2424 litibus
1778 2386 1955 2424 terimur

365 2455 545 2492 multum
575 2453 762 2491 malitiae
794 2452 985 2503 quamvis
1016 2451 1210 2499 nolimus,
1233 2451 1498 2489 addiscimus.
1561 2451 1709 2489 Schola
1731 2455 1773 2489 et
1797 2452 1956 2490 audito-

366 2520 474 2558 rium
497 2523 538 2558 et
559 2519 657 2557 ficta
677 2532 801 2557 causa
821 2531 886 2556 res
904 2517 1089 2565 inermis,
1107 2517 1280 2555 innoxia
1299 2521 1375 2565 est,
1392 2530 1468 2556 nec
1488 2517 1626 2555 minus
1648 2517 1766 2566 felix,
1784 2517 1953 2556 senibus

366 2586 624 2637 praesertim.
640 2610 697 2615 —
710 2584 911 2623 Messalla
926 2583 1036 2634 fully
1050 2583 1284 2632 recognises
1301 2583 1373 2621 the
1391 2583 1590 2634 appi-ova]
1607 2583 1791 2637 (probari
1813 2583 1950 2635 video)

366 2652 505 2690 which
526 2651 640 2701 Aper
661 2664 705 2689 as
726 2651 799 2689 the
819 2654 913 2688 true
935 2653 1146 2700 exponent
1166 2649 1211 2687 of
1239 2649 1310 2687 the
1340 2648 1563 2687 rhetorical
1588 2649 1791 2699 practices
1813 2649 1859 2687 of
1886 2649 1953 2687 his

367 2719 448 2769 day
479 2718 553 2756 has
586 2717 800 2766 received,
833 2716 884 2754 he
918 2719 1082 2763 cannot,
1113 2715 1317 2763 however,
1350 2714 1474 2753 resist
1503 2715 1575 2752 the
1606 2715 1857 2765 temptation
1881 2715 1951 2770 (cf.

368 2798 399 2823 c.
423 2785 475 2823 32
507 2788 587 2822 ext.
613 2784 723 2833 quod
755 2782 860 2820 mihi
889 2782 934 2819 in
966 2781 1266 2820 consuetudine
1299 2786 1375 2829 est,
1397 2781 1499 2819 satis
1529 2781 1682 2819 multos
1713 2781 1886 2832 offendi)
1909 2780 1955 2819 of

368 2850 614 2900 expressing
643 2849 714 2887 the
743 2848 919 2898 popular
939 2847 1101 2885 verdict
1121 2846 1165 2884 in
1186 2847 1287 2884 such
1309 2859 1333 2884 a
1352 2859 1443 2896 way
1467 2847 1684 2900 (nondum)
1708 2859 1751 2884 as
1772 2852 1816 2884 to
1835 2847 1954 2885 leave
