2262 3224
386 199 475 241 334
1093 211 1256 243 no'rEs.

441 327 494 365 20
525 327 571 366 in
595 328 705 367 foro:
748 326 812 366 On
832 327 904 365 the
926 326 1089 377 ellipsis
1111 326 1157 365 of
1177 325 1186 342 ³
1200 326 1299 374 sed,'
1321 339 1388 364 see
1410 330 1507 364 note
1529 338 1561 364 0.
1584 328 1608 365 6
1631 332 1683 365 19.

441 393 493 431 21
526 393 771 444 ingentibus
794 394 933 433 verbis
957 395 1262 444 persequantur
1288 391 1297 407 ‘
1311 392 1522 441 harangue
1546 391 1650 430 with
1679 392 1844 444 mighty
1864 393 1976 432 bom-

384 458 506 497 bast.'

519 526 571 557 As
590 526 796 566 ‘prosequi'
817 525 887 557 and
908 526 1107 566 ‘persequi’
1135 534 1194 557 are
1218 524 1424 569 repeatedly
1444 525 1615 557 confused
1641 525 1678 557 in
1701 534 1766 557 our
1789 526 1889 559 MSS.
1911 525 1970 568 (cf.

476 580 649 620 Schmalz,
669 580 789 612 Antib.
816 581 852 612 11
875 581 968 623 376),
999 581 1099 612 there
1126 589 1239 611 seems
1266 589 1313 611 no
1342 589 1467 611 reason
1497 580 1553 611 for
1580 580 1768 621 departing
1795 580 1887 612 from
1914 581 1975 614 the

474 635 632 668 Classical
656 645 775 677 usage,
797 645 885 667 even
910 636 1044 676 though
1065 635 1251 676 ‘prosequi
1275 635 1447 675 oratione,
1467 635 1583 666 verbis
1596 636 1604 651 ’
1627 635 1656 667 is
1678 635 1882 676 frequently
1902 639 1976 668 met

474 690 561 722 with
578 690 614 722 111
631 691 920 731 post-Augustan
939 691 1084 722 writers.

355 815 359 822 ⁸
441 767 494 805 22
526 779 620 807 cum
652 768 706 807 ad
736 779 854 807 veros
887 768 1046 806 iudices
1078 770 1271 807 ventum:
1315 766 1403 805 The
1436 770 1630 805 sentence
1663 780 1760 818 may
1788 767 1838 806 be
1870 753 1976 807 com-

385 834 529 884 pleted
548 833 604 884 by
625 833 856 884 supplying
876 846 988 872 some
1010 834 1160 884 phrase
1181 833 1268 871 like
1290 832 1299 848 ³
1313 833 1416 883 they
1435 833 1602 871 become
1627 833 1765 882 silent,
1788 846 1834 872 or
1854 834 1974 872 make

384 912 410 938 a
439 899 587 938 fiasco'
614 899 638 937 i.
659 912 692 938 e.
716 899 825 937 from
855 899 951 937 lack
981 899 1027 937 of
1056 899 1195 937 actual
1225 898 1482 949 experience.
1543 899 1606 939 Cf.
1631 899 1724 938 Sen.
1747 900 1886 939 Contr.
1911 900 1976 939 IX

385 965 515 1016 praef.
542 966 566 1004 5
602 965 743 1015 itaque
779 965 896 1003 velut
931 966 1126 1003 umbroso
1157 969 1199 1003 et
1229 963 1403 1003 obscuro
1438 965 1690 1015 prodeuntes
1719 965 1810 1004 1000
1839 965 1976 1004 clarae

384 1031 491 1070 lucis
523 1031 663 1081 fulgor
684 1031 879 1070 obcaecat
901 1031 960 1070 sic
981 1031 1085 1069 istos
1108 1044 1128 1069 e
1151 1031 1305 1069 scholis
1327 1030 1371 1068 in
1393 1031 1531 1069 forum
1550 1034 1815 1070 transeuntes
1836 1032 1976 1071 omnia

384 1101 600 1148 tamquam
620 1110 730 1135 nova
749 1101 791 1136 et
812 1097 1033 1136 invisitata
1056 1097 1306 1148 perturbant
1326 1109 1401 1135 1100
1422 1100 1519 1135 ante
1540 1096 1585 1134 in
1606 1101 1812 1136 oratorem
1838 1110 1977 1137 conro-

384 1163 730 1214 boranturquam
748 1194 755 1201 .
775 1194 783 1201 .
803 1194 811 1201 .
830 1163 1035 1213 puerilem
1057 1163 1242 1202 animum
1264 1163 1525 1201 scholasticis
1548 1163 1710 1201 deliciis
1731 1163 1976 1213 languidum

384 1243 483 1268 vero
506 1230 648 1268 labore
672 1230 886 1268 durarunt.
947 1230 1114 1268 Petron.
1134 1230 1157 1267 1
1179 1242 1289 1268 nunc
1310 1233 1352 1267 et
1373 1242 1511 1267 rerum
1531 1233 1693 1268 tumore
1715 1233 1757 1268 et
1778 1229 1977 1268 sententi-

385 1309 503 1334 arum
533 1295 763 1334 vanissimo
796 1295 978 1346 strepitu
1007 1296 1085 1334 1100
1115 1299 1280 1333 tantum
1310 1295 1546 1345 proficiunt,
1568 1299 1627 1343 ut,
1650 1309 1740 1333 cum
1767 1296 1813 1334 in
1832 1297 1977 1347 forum

318 1411 320 1414 Ι
385 1362 579 1411 venerint,
608 1368 758 1412 putent
791 1375 831 1400 se
865 1362 910 1399 in
944 1362 1075 1399 alium
1115 1368 1316 1400 terrarum
1350 1363 1479 1400 orbem
1512 1363 1664 1400 delatos
1697 1365 1739 1400 et
1773 1362 1866 1400 ideo
1901 1374 1977 1412 ego

384 1428 722 1467 adulescentulos
756 1427 952 1466 existimo
983 1427 1258 1465 stultissimos
1291 1427 1382 1465 fieri
1415 1427 1514 1477 quia
1543 1427 1651 1465 nihil
1683 1441 1734 1466 ex
1766 1428 1838 1476 eis,
1870 1441 1975 1479 quae

385 1494 430 1532 111
456 1507 533 1532 usu
559 1494 759 1532 habemus
791 1497 863 1532 aut
894 1494 1070 1532 audiunt
1101 1497 1173 1532 aut
1193 1493 1339 1532 vident
1379 1493 1518 1538 Quint.
1543 1494 1589 1531 Π
1612 1494 1676 1542 10,
1694 1495 1719 1533 9
1749 1494 1858 1532 nihil
1878 1507 1975 1545 ergo

384 1561 496 1599 inter
525 1561 692 1598 forense
724 1572 852 1610 genus
884 1559 1050 1598 dicendi
1071 1563 1197 1609 atque
1218 1560 1294 1598 hoc
1316 1559 1657 1598 declamatorium
1678 1560 1872 1598 intererit
1888 1561 1908 1599 ?
1939 1560 1976 1599 si

384 1627 599 1678 profectus
631 1626 768 1676 gratia
796 1626 985 1674 dicimus,
1008 1626 1118 1663 nihil
1139 1656 1146 1664 .
1171 1656 1178 1663 .
1203 1656 1211 1664 .
1235 1638 1340 1676 quae
1371 1638 1459 1674 nos,
1483 1626 1713 1676 quamlibet
1733 1639 1808 1676 per
1827 1626 1911 1665 alia
1930 1627 1976 1665 in

384 1693 538 1732 scholis
569 1692 789 1731 exercitati
820 1692 963 1740 simus,
994 1691 1153 1730 tirones
1184 1692 1228 1729 in
1259 1692 1350 1730 foro
1381 1692 1614 1730 inveniunt.
1675 1693 1755 1730 For
1785 1696 1974 1731 concrete

383 1758 679 1807 illustrations,
703 1771 764 1808 cp.
788 1758 860 1796 the
882 1757 1090 1796 incidents
1111 1757 1271 1796 related
1291 1758 1347 1808 by
1369 1758 1461 1796 Sen.
1485 1758 1625 1797 Contr.
1643 1758 1731 1797 VH
1751 1758 1882 1809 praef.
1901 1760 1926 1798 7
1941 1759 1972 1797 f.

383 1825 430 1863 of
449 1824 666 1873 Albucius,
684 1825 778 1862 who
799 1824 909 1862 after
929 1836 982 1862 an
1001 1823 1293 1862 unsuccessful
1315 1827 1540 1862 encounter
1555 1824 1660 1862 with
1681 1825 1726 1862 L.
1746 1823 1973 1863 Arruntius

383 1891 626 1930 remarked:
665 1890 768 1941 quid
796 1890 928 1928 habeo
959 1902 1086 1940 quare
1117 1889 1161 1926 in
1192 1889 1282 1927 foro
1313 1889 1461 1938 dicam,
1485 1902 1578 1928 cum
1607 1890 1748 1940 plures
1773 1903 1838 1928 me
1861 1890 1975 1928 domi

383 1957 558 1995 audiant
588 1969 713 2007 quam
744 1968 996 2006 quemquam
1026 1955 1070 1992 in
1101 1955 1226 1993 foro?
1267 1968 1359 1993 cum
1390 1956 1484 1993 volo
1516 1955 1620 2004 dico,
1652 1956 1745 1994 dico
1775 1956 1975 2006 quamdiu

382 2024 490 2071 volo,
513 2035 653 2061 assum
673 2022 759 2060 utri
780 2022 875 2060 volo
898 2022 981 2060 and
1002 2022 1068 2059 IX
1090 2021 1220 2071 praef.
1243 2023 1268 2060 3
1300 2022 1525 2059 Latronem
1547 2022 1752 2070 Porcium,
1775 2022 1975 2061 declamae

381 2090 515 2128 toriae
541 2089 716 2127 virtutis
746 2088 916 2126 unicum
947 2087 1186 2137 exemplum
1216 2099 1309 2125 011111
1335 2100 1411 2137 pro
1432 2101 1501 2125 reo
1523 2118 1530 2126 .
1555 2118 1562 2126 .
1588 2118 1595 2126 .
1619 2088 1794 2126 Rustico
1824 2088 1972 2127 Porcio

382 2155 618 2206 propinquo
655 2154 720 2192 sui
755 2154 926 2202 diceret,
956 2166 1088 2203 usque
1125 2165 1172 2191 eo
1208 2166 1297 2191 esse
1333 2153 1565 2202 confusum,
1595 2157 1643 2192 ut
1672 2166 1697 2192 a
1728 2153 1973 2192 soloecismo

383 2222 600 2271 inciperet,
624 2234 699 2259 1100
729 2224 826 2259 ante
857 2219 1045 2270 potuisse
1076 2218 1312 2257 confirmari
1342 2222 1501 2257 tectum
1523 2232 1569 2258 ac
1591 2220 1795 2270 parietem
1816 2220 1975 2259 deside-

382 2291 546 2325 rantem
568 2300 693 2337 quam
715 2285 972 2336 impetravit,
994 2289 1042 2323 ut
1066 2284 1267 2323 iudicium
1289 2297 1338 2322 ex
1361 2285 1452 2323 foro
1474 2285 1518 2322 in
1538 2285 1755 2324 basilicam
1775 2286 1975 2324 transfer-

382 2351 496 2386 retur
524 2352 600 2386 etc.
661 2350 749 2387 The
771 2361 883 2387 same
904 2349 1104 2387 anecdote
1125 2349 1160 2387 is
1183 2349 1271 2387 also
1291 2350 1461 2388 alluded
1480 2354 1524 2388 to
1544 2351 1600 2401 by
1620 2350 1760 2396 Quint.
1783 2351 1825 2389 X
1846 2351 1884 2399 5,
1902 2351 1965 2389 18.

380 2415 561 2453 —nihil
594 2415 769 2462 humile,
799 2415 913 2454 nihil
945 2415 1175 2454 abiectum:
1227 2415 1328 2453 This
1365 2416 1613 2454 collocation
1645 2416 1679 2454 is
1714 2416 1830 2467 quite
1865 2429 1970 2455 com-

381 2492 489 2526 mon,
513 2491 546 2516 e.
567 2492 602 2528 g.
627 2478 710 2517 Cic.
734 2479 784 2516 de
805 2478 874 2516 fin.
893 2478 931 2517 V
951 2478 1016 2526 20,
1039 2478 1091 2516 57
1121 2478 1232 2515 nillil
1261 2479 1467 2527 abiectum,
1490 2481 1601 2518 nihil
1623 2482 1777 2520 humile
1797 2483 1972 2532 coyitant

382 2545 495 2583 Orat.
520 2545 584 2591 57,
609 2545 687 2582 192
719 2544 921 2581 humilem
952 2547 993 2581 et
1024 2542 1229 2581 abiectam
1259 2544 1489 2582 orationem
1540 2546 1633 2584 Sen.
1657 2547 1706 2584 de
1729 2547 1791 2585 ira
1812 2547 1883 2585 ΙΙΙ
1903 2548 1968 2596 32,

380 2611 405 2648 3
442 2610 584 2647 videre
621 2622 745 2659 quam
780 2609 958 2647 humilia
992 2612 1034 2647 et
1068 2609 1229 2647 abiecta
1263 2608 1348 2647 sint
1402 2610 1541 2654 Quint.
1564 2611 1627 2650 IV
1648 2613 1759 2659 1,14
1789 2613 1969 2652 humiles

382 2675 650 2725 abiectosque
701 2676 768 2714 Ps.
802 2675 943 2720 Quint.
976 2674 1090 2712 Decl.
1115 2675 1179 2722 15,
1211 2675 1235 2712 2
1276 2675 1464 2713 Lactant.
1498 2676 1601 2714 Inst.
1634 2678 1671 2716 V
1701 2679 1766 2726 15,
1798 2678 1834 2717 8.
1894 2679 1966 2730 Cp.

381 2741 645 2789 Thielmann,
678 2741 831 2778 Archiv
861 2741 923 2779 IV
952 2741 1032 2779 552
1054 2740 1095 2778 ff.
1168 2740 1220 2778 So
1255 2740 1461 2791 similarly
1495 2754 1528 2780 0.
1560 2743 1584 2780 8
1608 2750 1646 2779 11
1683 2744 1891 2783 sordidius
1926 2748 1969 2783 et

380 2807 596 2854 abiectius,
632 2807 771 2844 where
809 2819 876 2844 see
913 2807 1170 2845 note—On
1203 2806 1274 2844 the
1309 2807 1533 2856 anaphora,
1565 2808 1618 2846 cf.
1651 2821 1682 2846 0.
1715 2809 1767 2846 22
1791 2815 1830 2846 14
1859 2809 1968 2848 nihil

380 2885 615 2922 excerpere,
638 2872 745 2909 nihil
767 2872 923 2909 referre
947 2872 1080 2921 possis
1103 2872 1184 2909 and
1207 2872 1290 2911 Cio.
1312 2872 1338 2910 l.
1362 2885 1394 2911 c.
