2262 3224
1025 239 1063 273 c.
1091 239 1145 272 31.
1795 230 1881 274 297

367 365 410 390 ae
425 356 554 399 spiritu
569 356 632 389 sed
649 356 758 389 etiam
776 356 978 389 eruditione
995 359 1032 389 et
1048 360 1125 390 arte
1151 357 1192 390 G.
1213 357 1254 390 27
1273 356 1433 390 lamenta
1448 367 1490 390 ac
1506 357 1673 391 lacrimas
1688 359 1771 399 cito,
1787 359 1886 392 dolo-

365 421 443 445 rem
460 415 497 445 et
512 411 697 445 tristitiam
712 412 816 445 tarde
832 415 974 453 ponunt
1006 413 1051 445 H.
1072 412 1090 444 I
1106 413 1145 444 81
1173 422 1319 445 manere
1336 422 1377 445 ac
1394 413 1626 454 deprehendi,
1646 423 1692 446 an
1709 414 1832 456 fugere
1849 418 1886 447 et

365 468 523 510 dispergi
560 468 598 500 II
613 467 657 500 68
679 467 875 509 pervigiliis
891 477 932 500 ac
956 468 1236 500 bacchanalibus
1253 478 1361 509 quam
1385 468 1594 510 disciplinae
1611 473 1647 501 et
1663 470 1790 502 castris
1829 471 1886 503 III

365 524 410 556 20
433 523 544 557 armis
570 533 612 556 ac
639 532 751 556 manu
779 547 787 556 .
809 547 817 555 .
839 548 847 556 .
879 523 1019 556 ratione
1044 526 1081 556 et
1108 524 1257 556 consilio
1296 524 1392 556 Ann.
1419 525 1471 556 IV
1490 525 1505 556 1
1532 524 1674 566 largitio
1700 530 1736 558 et
1763 526 1881 567 luxus,

364 579 508 621 saepius
523 579 701 612 industria
716 588 758 612 ac
774 578 971 621 vigilantia.
1016 579 1060 611 In
1084 589 1113 611 c.
1136 579 1178 612 18
1195 583 1266 612 ext.
1288 583 1492 621 et—atque
1511 605 1518 613 .
1541 605 1548 613 .
1571 605 1578 612 .
1600 585 1806 622 et—atque
1823 583 1884 614 the

365 635 542 677 grouping
557 635 588 668 is
603 634 780 676 perfectly
795 634 1041 676 symmetrical
1057 635 1130 668 and
1149 635 1187 667 in
1204 644 1233 668 c.
1253 636 1296 667 22
1314 641 1346 668 18
1362 636 1428 668 the.
1439 636 1616 669 variation
1635 637 1664 669 is
1680 646 1879 679 necessary.

367 690 433 725 See
449 694 544 724 note.

331 778 358 817 6
388 777 547 818 oratori
571 777 762 818 subiecta
785 777 990 817 materia:
1020 776 1061 816 A
1082 776 1330 817 Ciceronian
1351 778 1516 829 phrase.
1574 779 1637 818 Cf.
1662 779 1712 818 de
1734 783 1836 819 orat.
1862 780 1882 818 Ι

275 844 343 893 46,
370 844 451 883 201
483 844 620 883 omnis
648 843 751 883 haec
787 847 830 883 et
865 843 1137 895 antiquitatis
1173 844 1376 884 memoria
1396 875 1404 884 .
1429 876 1437 883 .
1461 875 1469 884 .
1493 848 1710 896 tamquam
1741 846 1884 898 aliqua

275 911 465 950 materies
485 911 546 950 eis
567 911 791 950 oratoribus
811 910 885 962 qui
905 915 1130 950 versantur
1151 911 1196 950 in
1216 924 1260 950 re
1282 911 1453 963 publica
1471 913 1650 951 subiecta
1670 927 1750 952 esse
1775 915 1885 953 debet

276 977 324 1016 II
343 977 411 1027 27,
426 978 507 1017 116
528 977 591 1017 ita
609 978 746 1017 omnis
767 978 876 1017 ratio
898 978 1067 1017 dicendi
1087 978 1224 1017 tribus
1246 979 1299 1017 ad
1319 979 1656 1030 persuadendum
1679 981 1801 1020 rebus
1818 985 1884 1020 est

274 1044 402 1084 nixa:
432 1048 481 1083 ut
512 1045 736 1096 probemus
771 1075 778 1083 .
814 1075 822 1084 .
858 1075 866 1083 .
904 1045 958 1084 ad
988 1045 1251 1096 probandum
1286 1049 1428 1084 autem
1463 1046 1620 1098 duplex
1648 1051 1713 1086 est
1733 1049 1886 1086 oratori

274 1112 452 1151 subiecta
485 1112 663 1150 materia
710 1112 783 1150 III
805 1112 870 1161 14,
893 1112 946 1151 54
977 1115 1103 1163 atque
1139 1125 1188 1151 ea
1221 1116 1286 1151 est
1321 1112 1360 1151 ei
1396 1116 1469 1168 (sc.
1507 1114 1675 1165 oratori)
1708 1115 1885 1153 subiecta

273 1179 464 1218 materies
512 1178 654 1225 Quint.
678 1179 725 1217 II
747 1179 814 1228 21,
835 1179 889 1217 20
919 1178 1142 1218 materiam
1174 1179 1404 1218 rhetorices
1437 1192 1529 1219 esse
1561 1193 1704 1220 omnes
1733 1194 1798 1220 res
1830 1183 1884 1221 ad

275 1245 499 1285 dicendum
520 1245 560 1284 ei
581 1245 802 1285 subiectas.

408 1347 523 1380 These
538 1356 707 1388 passages
722 1356 788 1380 can
806 1347 905 1380 leave
922 1356 970 1380 no
986 1347 1196 1380 reasonable
1213 1348 1326 1380 doubt
1338 1335 1422 1380 'that
1450 1351 1458 1367 ⁶
1469 1348 1513 1381 ad
1531 1349 1723 1381 dicendum
1737 1351 1745 1366 '
1774 1351 1803 1382 is
1819 1354 1884 1383 out

363 1402 403 1436 of
417 1402 518 1445 place
534 1403 583 1444 by
599 1403 660 1435 the
676 1403 752 1435 side
770 1403 808 1435 of
835 1406 843 1422 ⁶
856 1403 1017 1443 oratori,’
1045 1413 1066 1436 a
1084 1404 1174 1435 view
1197 1403 1395 1436 confirmed
1419 1405 1466 1445 by
1484 1405 1546 1436 the
1570 1405 1730 1437 variants
1756 1406 1790 1438 in
1817 1416 1884 1438 our

363 1458 483 1492 Mss.:
507 1459 669 1491 subiecta
685 1459 730 1491 ad
747 1458 939 1491 dicendum
952 1459 1051 1491 —ad
1068 1459 1260 1491 dicendum
1277 1460 1449 1499 subiecta,
1469 1460 1586 1492 which
1610 1461 1882 1503 unmistakably

362 1514 466 1556 point
496 1518 534 1547 to
561 1524 607 1547 an
637 1514 847 1547 interlinear
869 1514 962 1556 gloss
989 1515 1107 1547 which
1132 1515 1389 1556 subsequently
1418 1525 1518 1548 came
1548 1516 1624 1548 into
1652 1517 1713 1549 the
1737 1520 1814 1549 text
1844 1518 1881 1550 in

361 1569 531 1603 different
546 1570 675 1611 places.
727 1570 802 1602 The
818 1570 947 1611 phrase
964 1580 1038 1603 was
1054 1570 1236 1611 evidently
1253 1570 1364 1603 taken
1382 1571 1476 1603 from
1493 1581 1521 1604 c.
1539 1572 1581 1604 37
1598 1578 1631 1604 29
1657 1575 1716 1604 ‘ut
1734 1573 1881 1605 uberem

361 1626 408 1659 ad
424 1626 616 1659 dicendum
633 1626 823 1659 materiam
840 1629 1000 1658 oratores
1016 1626 1217 1667 haberent,’
1233 1627 1351 1659 where
1366 1627 1394 1659 it
1407 1627 1435 1659 is
1452 1627 1549 1668 quite
1566 1629 1805 1669 appropriate,
1818 1633 1882 1661 not

361 1684 401 1715 to
415 1691 480 1723 say
496 1681 664 1714 essential
680 1685 718 1714 to
734 1682 795 1714 the
812 1682 1082 1714 context.-As
1094 1683 1143 1714 est
1159 1682 1189 1714 is
1204 1682 1288 1714 here
1301 1686 1383 1723 part
1396 1682 1434 1715 of
1449 1683 1510 1715 the
1524 1684 1620 1723 verb,
1638 1684 1684 1716 its
1700 1685 1880 1725 emphatic

360 1738 516 1780 position
533 1737 656 1770 before
673 1738 765 1770 enim
783 1738 813 1770 is
828 1737 1083 1779 unjustifiable.

327 1829 353 1868 7
383 1828 430 1868 in
454 1828 629 1868 iudiciis
658 1827 792 1866 refers
823 1830 868 1866 to
898 1827 972 1866 the
1000 1840 1131 1878 genus
1160 1827 1358 1867 iudiciale
1383 1828 1621 1883 (δικανικόν),
1653 1830 1700 1869 in
1725 1831 1879 1871 delibe-

271 1895 511 1935 rationibus
529 1898 575 1934 to
590 1894 664 1933 the
682 1908 718 1944 g.
737 1894 1062 1933 deliberativum
1082 1894 1468 1949 (συμβουλευτικόν),
1492 1897 1538 1935 in
1558 1897 1879 1938 laudationibus

269 1965 315 2001 to
334 1961 408 2000 the
430 1974 467 2012 g.
490 1961 871 2000 demonstrativum
905 1961 1206 2016 (ἐπιδεικτικόν),
1236 1962 1318 2001 and
1351 1962 1401 2002 de
1425 1964 1655 2014 aequitate,
1683 1964 1733 2003 de
1759 1965 1878 2004 utili-

270 2030 374 2077 tate,
393 2028 443 2068 de
459 2028 679 2069 honestate
698 2028 955 2079 correspond
975 2028 1258 2079 respectively
1275 2032 1319 2067 to
1340 2029 1413 2068 the
1436 2030 1485 2068 (le
1508 2029 1620 2068 iusto
1639 2034 1681 2069 et
1703 2030 1875 2080 iniusto,

270 2095 321 2135 de
352 2094 474 2134 bonis
506 2098 550 2134 et
578 2094 703 2134 malis
733 2095 817 2134 and
847 2095 897 2134 de
923 2095 1101 2134 honesto
1122 2099 1165 2134 et
1195 2095 1322 2147 turpi.
1385 2096 1449 2135 Cf.
1474 2095 1604 2135 Arist.
1630 2097 1754 2136 Rhet.
1780 2098 1799 2135 Ι
1822 2100 1876 2137 35

269 2161 393 2201 Auct.
416 2162 468 2201 ad
489 2162 676 2201 Herenn.
699 2162 844 2200 Ι-ΙΙΙ
885 2161 970 2202 Cic.
995 2162 1045 2201 de
1068 2161 1152 2200 inv.
1178 2162 1223 2200 ΙΙ
1245 2163 1283 2211 4,
1307 2163 1359 2201 12
1410 2163 1460 2201 de
1483 2167 1586 2202 orat.
1613 2167 1699 2217 (see
1721 2164 1872 2217 below)

269 2229 371 2280 Top.
394 2228 462 2277 24,
479 2228 531 2268 91
582 2228 723 2275 Quint.
748 2229 794 2267 II
816 2229 882 2277 21,
902 2229 954 2267 18
986 2229 1058 2266 ΙΙΙ
1079 2229 1118 2277 4,
1142 2229 1163 2267 1
1179 2229 1452 2270 —16.—fere
1473 2229 1677 2281 ‘chiefly,⁷
1699 2230 1874 2282 belongs

267 2298 313 2334 to
333 2294 630 2334 'disserimus’
690 2295 742 2333 In
762 2295 850 2334 this
879 2307 1013 2343 sense,
1037 2295 1224 2344 ‘ferme,'
1256 2296 1396 2335 which
1426 2296 1547 2335 takes
1578 2297 1650 2336 the
1682 2297 1799 2348 place
1830 2299 1877 2337 of

214 2396 218 2400 .
268 2362 404 2401 ‘fere'
435 2362 480 2400 in
509 2361 582 2401 the
611 2362 720 2401 later
740 2362 934 2412 writings
957 2362 1003 2401 of
1032 2362 1216 2412 Tacitus,
1240 2362 1276 2401 is
1308 2367 1382 2401 not
1402 2376 1663 2402 uncommon.
1727 2365 1790 2404 Cf.
1816 2366 1871 2405 H.

267 2430 331 2469 IV
352 2429 404 2469 70
433 2433 482 2468 ut
501 2429 532 2468 f.
569 2429 772 2468 acerrima
806 2460 814 2468 .
854 2460 861 2468 .
898 2460 906 2467 .
943 2429 1229 2480 proximorum
1270 2430 1367 2469 odia
1406 2435 1506 2469 sunt
1555 2431 1665 2469 Anu.
1690 2432 1734 2470 ΙΙ
1758 2433 1794 2470 2.
1819 2433 1873 2471 54

267 2496 331 2536 IV
351 2497 388 2535 5.
411 2497 448 2535 9.
472 2496 524 2535 58
558 2496 627 2535 VI
649 2496 701 2535 17
741 2496 832 2535 XII
855 2497 908 2535 36
948 2497 1057 2535 XIV
1077 2497 1130 2535 20
1171 2497 1254 2536 XV
1275 2497 1339 2535 21.
1403 2497 1468 2536 On
1500 2497 1610 2536 ‘fere
1633 2498 1871 2550 principia,'

266 2576 334 2602 see
356 2563 447 2602 crit.
470 2566 568 2602 note
590 2576 622 2602 c.
645 2563 698 2601 20
723 2570 754 2601 2.
770 2563 927 2602 -The
958 2563 1094 2602 entire
1125 2575 1300 2614 passage
1332 2564 1368 2602 is
1400 2564 1580 2616 directly
1603 2565 1729 2604 based
1758 2580 1871 2617 upon

266 2630 350 2671 Cic.
373 2630 424 2668 de
446 2632 549 2668 orat.
573 2629 594 2668 I
616 2630 682 2678 31,
705 2630 783 2668 141
817 2630 891 2668 sed
911 2643 1131 2669 causarum
1153 2643 1260 2681 quae
1286 2630 1374 2669 sint
1404 2644 1428 2670 a
1458 2632 1667 2670 communi
1690 2634 1872 2683 quaesti-

265 2709 343 2736 one
365 2695 593 2744 seiunctae,
608 2696 762 2747 partim
781 2696 825 2734 in
843 2696 1012 2736 iudiciis
1030 2697 1204 2746 versari,
1223 2697 1378 2748 partim
1401 2698 1444 2735 in
1467 2698 1842 2739 deliberationibus
1859 2716 1868 2750 ;

265 2776 356 2803 esse
378 2763 507 2802 etiam
528 2775 658 2813 genus
679 2763 854 2802 tertium
876 2764 989 2814 quod
1019 2763 1064 2801 in
1084 2763 1309 2802 laudandis
1331 2769 1404 2803 aut
1426 2765 1717 2816 vituperandis
1740 2767 1871 2805 homi-

264 2830 388 2869 nibus
410 2833 659 2880 poneretur3
690 2833 909 2881 certosque
932 2842 1022 2869 esse
1044 2830 1156 2869 locos
1188 2830 1341 2881 quibus
1373 2831 1418 2869 in
1443 2832 1610 2870 iudiciis
1639 2836 1866 2883 uteremur,

263 2896 308 2934 in
330 2896 481 2947 quibus
503 2895 691 2962 aequitas
711 2900 996 2947 quaereretur,
1019 2896 1125 2935 alios
1148 2896 1193 2935 in
1214 2898 1569 2936 deliberationibus
1589 2912 1695 2950 quae
1723 2913 1867 2938 omnes
