2262 3224
1068 198 1107 232 0.
1126 198 1187 246 20.
1841 184 1927 226 223

381 315 435 356 13
465 317 508 357 et
530 315 579 356 in
602 314 698 367 ipsa
721 314 958 355 studiorum
979 314 1133 354 incude
1148 313 1302 365 positi:
1325 313 1415 351 The
1432 311 1655 363 metaphor
1670 311 1707 351 is
1723 312 1769 351 of
1790 311 1930 351 Greek

325 382 464 434 origin
495 382 580 422 and
608 381 779 421 became
814 380 1055 433 proverbial
1090 380 1134 419 in
1167 379 1307 419 Latin.
1368 380 1432 420 Cf.
1469 379 1593 418 Pind.
1627 378 1754 430 Pyth.
1792 378 1815 416 I
1848 379 1929 417 166

325 448 477 501 ἄψευὸεἳ
493 449 532 489 δὲ
551 450 646 501 πρὸς
667 449 800 499 ἄκμονι
820 449 982 501 χάλκευε
1002 450 1188 501 γλῶσσαν
1207 446 1338 486 Anbh.
1359 446 1430 486 Gr.
1452 446 1540 486 VII
1561 446 1642 485 409
1662 445 1927 501 (Antipater)

326 516 464 569 στίχον
495 515 683 568 Πιερίδων
715 516 925 568 χαλκευτὸν
959 513 1016 554 ἐπ’
1038 516 1212 564 ἅκμοσιν.
1276 513 1373 569 (See
1408 513 1512 551 Hor.
1546 512 1596 551 A.
1629 513 1676 551 P.
1708 512 1790 551 440
1820 512 1929 551 male

325 585 517 622 tornatos
537 580 683 621 incudi
703 581 877 620 reddere
894 581 1059 632 versus)
1076 580 1216 619 Plaut.
1235 580 1389 619 Pseud.
1408 579 1456 618 II
1477 579 1515 627 2,
1538 579 1592 618 20
1613 579 1716 618 haec
1736 579 1843 618 mihi
1865 583 1930 618 est

327 649 447 689 incus
468 664 476 688 :
506 649 735 701 procudam
756 661 832 699 ego
852 647 952 687 hinc
973 647 1098 686 hodie
1120 646 1276 686 multos
1307 646 1425 685 dolos
1484 645 1568 686 Cic.
1592 646 1643 684 de
1666 649 1770 685 orat.
1793 646 1841 684 ΙΙ
1862 647 1928 695 39,

328 716 409 756 162
438 715 565 768 plane
599 716 746 755 rudem
777 715 844 754 his
869 717 943 770 (sc.
978 713 1238 766 rhetoribus)
1271 713 1436 752 tradam
1466 712 1655 752 adsiduis
1687 726 1771 752 uno
1805 726 1930 764 opere

327 783 505 823 eandem
534 783 731 822 incudem
760 782 872 821 diem
898 785 1147 832 noctemque
1169 780 1449 820 tundentibus
1473 780 1565 835 (III
1586 780 1653 829 30,
1676 780 1756 819 121
1788 793 1932 832 procu-

326 850 466 890 denda
495 849 660 902 lingua)
693 849 831 888 Amm.
869 849 1059 888 Marcell.
1098 848 1255 888 XVIII
1289 849 1328 896 4,
1365 848 1390 886 2
1430 847 1605 886 eandem
1640 846 1847 896 incudem,
1882 851 1932 886 ut

326 916 497 967 dicitur,
538 917 612 956 diu
650 920 862 967 noctuque
901 916 1119 955 tundendo
1159 915 1362 954 XXVIII
1400 915 1439 963 4,
1480 915 1534 953 26
1572 917 1622 952 ut
1660 914 1931 965 proverbium

326 983 518 1035 loquitur
546 986 683 1033 vetus,
715 983 891 1022 eandem
922 982 1118 1022 incudem
1147 982 1365 1020 tundendo
1425 981 1566 1020 Sidon.
1599 980 1740 1032 Apoll.
1767 981 1844 1032 Ep.
1869 981 1933 1020 IV

325 1050 353 1090 2
382 1049 678 1102 philosophica
697 1049 849 1089 incude
870 1049 1077 1088 formatus
1125 1048 1239 1088 VIII
1261 1049 1287 1086 4
1311 1047 1601 1087 meditationis
1623 1047 1742 1086 incus
1794 1048 1929 1088 Carm.

327 1117 394 1166 23,
423 1118 504 1156 130
524 1117 595 1156 hic
615 1129 711 1156 cum
736 1116 950 1167 semipede
971 1115 1119 1155 stilum
1149 1115 1312 1166 polibat
1344 1115 1571 1166 Smyrneae
1602 1114 1753 1154 incude
1784 1115 1931 1154 doctus

327 1183 531 1223 officinae.
563 1183 756 1223 Diomed.
779 1184 802 1222 I
823 1183 904 1222 299
926 1183 980 1222 K.
1003 1186 1138 1221 artem
1158 1194 1297 1220 merae
1320 1181 1569 1220 Latinitatis
1592 1212 1600 1220 .
1625 1212 1632 1220 .
1657 1182 1760 1220 .sub
1780 1181 1932 1221 incude

326 1250 569 1290 litterarum
590 1281 599 1289 .
623 1282 631 1290 .
655 1281 663 1289 .
686 1250 954 1301 procudendo
974 1249 1212 1288 formatam.
1226 1274 1283 1278 -—
1299 1248 1387 1287 The
1415 1254 1453 1287 et
1479 1248 1514 1287 is
1536 1248 1791 1299 epexegetic.
1854 1249 1931 1287 See

327 1320 428 1356 note
459 1330 492 1357 c.
515 1319 541 1357 7
563 1318 932 1368 16.—profeetus=
965 1316 1003 1354 Α
1032 1315 1171 1367 poetic
1200 1315 1318 1354 word
1338 1328 1530 1354 common
1556 1314 1603 1353 in
1631 1315 1769 1354 Silver
1790 1316 1929 1355 Latin.

330 1384 407 1424 See
428 1384 540 1423 Dict.
601 1384 655 1422 In
674 1383 748 1423 the
770 1383 879 1422 Dial.
902 1382 1027 1434 again
1048 1395 1080 1422 c.
1103 1383 1157 1422 35
1180 1388 1222 1420 10
1250 1382 1303 1420 41
1327 1389 1379 1420 10.

384 1451 438 1490 14
468 1452 624 1491 referre
648 1451 815 1491 domum
840 1450 1008 1502 aliquid
1032 1450 1216 1490 inlustre
1250 1453 1344 1488 etc:
1387 1449 1451 1488 On
1480 1449 1553 1488 the
1583 1449 1778 1500 thought,
1810 1450 1864 1489 cf.
1897 1463 1930 1489 e.

327 1517 382 1556 22
404 1523 446 1556 14
475 1517 559 1557 and
580 1517 664 1558 Cic.
689 1517 739 1556 de
761 1520 864 1556 orat.
888 1517 911 1555 I
933 1517 999 1565 21,
1021 1517 1075 1556 96
1105 1515 1226 1555 nobis
1259 1515 1373 1554 enim
1405 1516 1487 1554 huc
1519 1515 1790 1555 venientibus
1827 1516 1931 1555 satis

328 1583 557 1624 iucundum
592 1584 683 1623 fore
718 1583 942 1623 videbatur
977 1583 1013 1622 si
1050 1613 1058 1622 .
1082 1613 1122 1621 ..
1160 1595 1236 1622 nos
1277 1582 1441 1633 aliquid
1475 1595 1527 1621 ex
1562 1595 1753 1621 sermone
1789 1587 1932 1622 vestro

327 1651 525 1690 memoria
544 1651 717 1701 diqnum
735 1650 929 1701 excipere
957 1662 1176 1702 possemus
1237 1649 1331 1688 Sen.
1355 1649 1432 1700 Ep.
1457 1649 1550 1698 108,
1572 1650 1598 1687 4
1629 1649 1703 1700 qui
1724 1650 1778 1688 ad
1798 1650 1934 1701 philo-

328 1717 510 1769 sophum
528 1717 660 1766 venit,
683 1717 838 1756 cotidie
860 1716 1024 1768 aliquid
1045 1729 1187 1756 secum
1206 1715 1308 1755 boni
1338 1716 1462 1765 ferat,
1485 1719 1559 1755 aut
1590 1716 1732 1755 sanior
1762 1717 1932 1755 domum

328 1784 474 1824 redeat
521 1785 546 1824 6
577 1783 749 1835 quidam
782 1783 962 1823 veniunt
995 1786 1044 1822 ut
1078 1783 1254 1822 audiant
1288 1795 1373 1822 non
1406 1786 1455 1821 ut
1489 1782 1657 1822 discant
1690 1813 1698 1821 .
1723 1813 1731 1822 .
1755 1813 1763 1822 .
1798 1783 1933 1834 aliqui

327 1854 471 1890 tamen
501 1863 586 1890 non
614 1854 663 1890 ut
692 1863 759 1890 res
790 1850 1007 1901 excipiant
1036 1850 1111 1889 sed
1139 1853 1187 1888 ut
1216 1849 1346 1889 verba
1366 1862 1473 1900 quae
1504 1853 1592 1888 tam
1622 1849 1713 1889 sine
1739 1850 1934 1900 profectu

328 1917 467 1957 alieno
487 1917 632 1957 dicant
651 1930 778 1968 quam
799 1917 890 1956 sine
919 1929 995 1955 suo
1016 1916 1196 1955 audiunt
1261 1916 1403 1962 Quint.
1436 1916 1485 1954 II
1515 1916 1553 1965 2,
1577 1917 1601 1956 8
1633 1916 1724 1967 ipse
1755 1916 1932 1968 aliquid,

328 1983 457 2023 immo
490 1983 626 2022 multa
660 1983 814 2022 cotidie
854 1983 967 2022 dicat
1006 1995 1113 2034 quae
1149 1995 1291 2022 secum
1330 1982 1544 2021 auditores
1585 1983 1784 2023 referant.
1799 1984 1935 2023 —On

329 2050 462 2090 Rome
483 2063 528 2090 as
560 2063 615 2089 an
645 2049 912 2089 educational
945 2053 1090 2088 centre
1121 2049 1189 2088 for
1223 2049 1459 2099 foreigners
1489 2049 1543 2088 cf.
1573 2049 1666 2088 Sen.
1691 2050 1856 2090 Consol.
1881 2050 1935 2089 ad

329 2116 456 2156 Helv.
475 2118 513 2166 6,
528 2117 553 2155 2
570 2116 675 2156 alios
696 2116 938 2155 liberalium
959 2115 1196 2155 studiorum
1212 2115 1424 2167 cupiditas
1445 2118 1518 2171 (sc.
1535 2116 1715 2155 adduxit
1737 2116 1933 2169 Romam)

328 2184 413 2223 and
433 2183 710 2222 Friedlander
732 2182 777 2221 1⁶
796 2183 861 2222 51.

386 2250 439 2290 16
479 2261 623 2290 sensus
659 2250 819 2302 aliquis
855 2252 1011 2302 arguta,
1044 2252 1086 2290 et
1119 2238 1240 2290 brevi
1277 2250 1515 2290 sententia:
1568 2250 1657 2289 The
1707 2249 1934 2289 difference

328 2316 520 2356 between
545 2316 666 2356 these
689 2320 774 2356 two
803 2319 947 2366 terms,
969 2316 1175 2367 although
1202 2319 1277 2355 not
1304 2316 1463 2367 always
1484 2315 1642 2368 rigidly
1662 2316 1880 2365 observed,
1899 2316 1934 2355 is

329 2383 427 2422 well
447 2383 630 2434 brought
651 2386 725 2422 out
744 2382 801 2434 by
814 2382 956 2429 Quint.
976 2383 1088 2422 VIII
1111 2383 1149 2431 5,
1165 2383 1186 2421 1
1210 2382 1464 2421 Sententiam
1479 2386 1644 2421 veteres
1662 2383 1774 2434 quod
1794 2383 1936 2423 animo

330 2449 576 2499 sensissent,
597 2453 855 2489 vocaverunt
879 2449 922 2505 (i.
942 2462 975 2489 e.
998 2449 1250 2497 reflections,
1274 2452 1428 2502 γνῶμαι.
1490 2449 1562 2501 Cp.
1581 2449 1663 2489 Cic.
1688 2450 1738 2488 de
1760 2454 1863 2489 orat.
1888 2451 1935 2488 II

330 2517 369 2566 8,
390 2517 445 2556 34
475 2516 579 2568 quid
598 2520 740 2556 autem
762 2516 961 2556 subtilius
983 2529 1110 2567 quam
1141 2516 1309 2555 crebrae
1342 2519 1573 2567 acutaeque
1605 2517 1860 2569 sententiae)
1891 2517 1936 2556 id

330 2596 426 2623 cum
446 2587 512 2623 est
531 2584 644 2635 apud
663 2587 849 2622 oratores
871 2582 1265 2634 frequentissimum
1285 2586 1377 2621 tum
1398 2582 1528 2621 etiam
1550 2582 1593 2620 in
1623 2596 1702 2622 usu
1723 2583 1936 2623 cotidiano

330 2650 534 2701 quasdam
555 2649 755 2702 reliquias
783 2650 911 2689 habet
932 2681 940 2688 .
965 2681 973 2688 .
998 2680 1006 2689 .
1030 2650 1105 2689 sed
1136 2649 1395 2689 consuetudo
1427 2649 1511 2688 iam
1543 2650 1683 2689 tenuit
1714 2653 1762 2688 ut
1795 2654 1936 2689 mente

331 2720 535 2768 concepta
553 2730 693 2756 sensus
712 2729 970 2764 vocaremus,
992 2716 1155 2756 lumina
1174 2720 1315 2756 autem
1336 2716 1645 2768 praecipueque
1667 2716 1711 2755 in
1733 2717 1936 2756 clausulis

331 2783 471 2835 posita
489 2784 712 2822 sententias
741 2796 847 2835 quae
878 2779 1018 2822 minu's
1040 2783 1208 2823 crebrae
1230 2783 1341 2834 apud
1372 2783 1568 2834 antiquos
1600 2784 1757 2823 nostris
1779 2788 1938 2835 tempo-

331 2849 447 2889 ribus
472 2849 596 2888 modo
616 2853 771 2888 carent.
804 2849 946 2895 Quint.
966 2849 1057 2888 XII
1075 2850 1140 2897 10,
1155 2849 1208 2887 48
1229 2852 1416 2889 ceterum
1447 2849 1525 2889 hoc
1555 2850 1668 2901 quod
1689 2850 1817 2901 vulgo
1847 2862 1938 2889 sen-
