2262 3224
402 209 489 252 198
1115 223 1278 258 No'rEs.

403 335 524 388 quasi
544 336 704 376 formae
725 337 966 389 figuraeque
987 337 1167 388 dicendi,
1190 338 1328 390 specie
1349 339 1550 390 dispares,
1573 353 1722 390 genere
1742 339 1990 390 laudabiles,

402 417 487 444 non
506 418 627 457 posse
649 418 699 445 ea
718 418 823 457 quae
845 406 955 444 inter
975 419 1019 445 se
1040 406 1292 457 discrepant,
1314 407 1472 446 eisdem
1496 408 1731 459 praeceptis
1761 412 1886 459 atque
1906 421 1992 448 una

402 471 671 512 institutione
701 471 1026 511 formari—As
1056 472 1128 511 the
1159 473 1378 523 following
1405 473 1554 523 shows,
1567 476 1729 525 formas
1750 504 1757 513 .
1782 506 1790 514 .
1814 505 1821 513 .
1844 488 1991 525 qenera

402 541 514 580 refer
546 542 589 578 to
630 538 702 576 the
735 537 902 577 various
925 538 1086 589 ‘types'
1110 538 1156 577 of
1185 542 1365 591 oratory,
1395 540 1563 591 usually
1596 540 1767 579 divided
1797 540 1886 579 into
1917 540 1990 580 the

402 608 521 647 three
544 606 697 644 classes
719 604 764 643 of
783 604 855 643 the
877 604 1018 643 subtile
1040 605 1178 657 ἰσχνόν,
1201 607 1354 655 qra'nde
1384 606 1506 657 ἁδρόν,
1529 606 1706 644 medium
1727 606 1886 658 ἀνθηρόν
1917 607 1988 662 (cf.

405 673 580 724 Sandys'
603 676 700 711 note
718 675 765 711 -to
787 671 900 711 Orat.
924 672 961 719 5,
984 672 1036 710 20
1069 672 1267 711 Causeret
1287 685 1326 722 p.
1350 672 1428 711 151
1451 673 1533 711 and
1551 672 1802 721 Volkmann,
1824 673 1988 712 Rhetor.

403 754 440 791 p.
465 739 675 791 532-562)
698 738 838 777 which
867 737 912 776 in
940 738 1013 777 the
1043 738 1263 789 judgment
1292 738 1338 777 of
1367 738 1506 784 Quint.
1534 739 1653 793 (XII,
1680 739 1745 787 10,
1768 739 1839 790 66)
1861 738 1994 789 ought

402 811 446 846 to
467 808 573 846 have
593 807 700 845 been
721 805 812 844 still
843 805 1009 843 further
1031 804 1283 843 subdivided
1305 819 1313 842 ε
1346 804 1427 843 Sed
1455 817 1590 855 neque
1619 804 1685 843 his
1715 804 1850 843 tribus
1872 804 1992 855 quasi

403 874 550 913 formis
572 873 736 912 inclusa
757 871 998 922 eloquentia
1018 874 1093 909 est.
1118 883 1214 909 nam
1234 874 1282 909 ut
1309 870 1419 909 inter
1440 871 1593 920 gracile
1613 870 1883 921 validumque
1911 874 1995 909 ter-

402 940 511 979 tium
543 939 705 990 aliquid
738 937 1015 977 constitutum
1048 941 1124 985 est,
1147 936 1208 975 ita
1238 937 1387 975 horum
1417 936 1528 975 inter
1560 949 1603 975 se
1638 937 1862 975 intervalla
1893 940 1994 975 sunt

403 1011 528 1058 atque
564 1006 675 1044 inter
707 1005 808 1044 haec
839 1004 932 1055 ipsa
970 1003 1151 1042 mixtum
1186 1003 1385 1054 quiddam
1420 1015 1472 1041 ex
1506 1003 1666 1042 duobus
1706 1003 1890 1041 medium
1927 1006 1995 1042 est

403 1086 557 1112 eorum.
594 1085 692 1110 nam
713 1074 754 1109 et
775 1069 922 1109 subtili
944 1069 1110 1121 plenius
1141 1069 1303 1120 aliquid
1323 1073 1449 1119 atque
1470 1069 1668 1107 subtilius
1689 1073 1731 1108 et
1752 1069 1992 1107 vehementi

404 1139 619 1178 remissius
649 1141 774 1188 atque
795 1135 1085 1175 vehementius
1107 1135 1332 1183 invenitur,
1354 1138 1402 1173 ut
1432 1134 1539 1173 illud
1567 1135 1661 1173 lene
1681 1138 1754 1173 aut
1774 1134 1996 1173 adscendit

403 1206 457 1244 ad
489 1205 666 1244 fortiora
698 1207 770 1242 aut
800 1203 853 1242 ad
872 1202 1065 1241 tenuiora
1094 1201 1332 1240 submittur.
1365 1214 1412 1240 ac
1439 1201 1499 1240 sic
1519 1214 1646 1252 prope
1668 1200 1993 1240 innumerabiles

404 1271 563 1323 species
586 1270 853 1321 reperiuntur
874 1281 979 1319 quae
999 1268 1145 1319 utique
1167 1267 1307 1318 aliquo
1329 1270 1539 1305 momento
1567 1266 1678 1306 inter
1708 1279 1751 1306 se
1781 1266 1991 1306 differant.

404 1338 641 1390 —Catonilt
671 1338 728 1374 M.
752 1335 925 1374 Porcius
958 1335 1055 1374 Cato
1087 1334 1309 1382 Censorius,
1331 1334 1435 1372 born
1455 1334 1535 1372 234
1559 1346 1669 1372 cons.
1689 1333 1768 1372 195
1785 1345 1893 1372 cens.
1913 1333 1994 1372 184

405 1404 503 1443 died
524 1405 617 1452 149,
632 1415 730 1451 was,
746 1401 968 1451 according
986 1404 1031 1439 to
1053 1400 1208 1448 Cicero,
1231 1400 1303 1438 the
1324 1399 1460 1438 oldest
1481 1400 1646 1438 Roman
1667 1403 1808 1438 orator
1830 1399 1994 1450 worthy

404 1471 476 1509 the
498 1482 630 1508 name.
682 1469 745 1508 Cf.
769 1469 886 1506 Brut.
910 1467 975 1515 16,
998 1467 1048 1505 61
1079 1478 1155 1504 nec
1174 1479 1273 1504 vero
1293 1465 1424 1504 habeo
1445 1478 1694 1516 quemquam
1714 1464 1993 1515 antiquiorem

405 1537 522 1575 cuius
567 1535 736 1586 quidem
777 1533 936 1583 scripta
969 1532 1220 1583 proferenda
1254 1535 1398 1583 putem
1436 1531 1519 1569 nisi
1556 1544 1679 1581 quem
1718 1531 1831 1581 Appi
1872 1530 1993 1570 Caeci

406 1603 539 1642 oratio
572 1602 673 1640 haec
705 1600 798 1651 ipsa
828 1600 879 1638 de
911 1599 1074 1649 Pyrrho
1107 1602 1149 1636 et
1178 1597 1404 1635 nonnullae
1440 1601 1697 1635 mortuorum
1730 1597 1993 1636 laudationes

406 1670 516 1708 forte
539 1668 752 1707 delectant
791 1666 843 1705 17
846 1695 856 1715 ,
880 1666 931 1704 68
962 1664 1175 1715 antiquior
1197 1667 1239 1702 et
1266 1664 1390 1702 huius
1412 1676 1547 1702 sermo
1577 1666 1619 1701 et
1641 1663 1844 1713 quaedam
1865 1662 1996 1701 horri-

406 1736 524 1774 diora
555 1734 709 1773 verba:
750 1732 812 1771 ita
843 1731 956 1770 enim
987 1735 1078 1769 tum
1110 1730 1390 1781 loquebantur
1449 1729 1561 1768 Orat.
1596 1730 1662 1777 45,
1696 1729 1788 1777 152,
1821 1729 1915 1776 and,
1947 1728 1992 1766 in

407 1801 588 1852 general,
607 1799 770 1838 Teuffel
794 1800 812 1843 ξ
835 1798 914 1836 118
936 1797 978 1835 ff.
996 1797 1168 1844 —seni‚
1193 1796 1293 1834 here
1313 1796 1417 1834 used
1438 1795 1480 1833 in
1502 1795 1714 1833 reference
1734 1798 1778 1833 to
1798 1794 1870 1832 the
1890 1794 1994 1833 time

407 1868 451 1906 in
473 1866 611 1905 which
630 1866 682 1904 he
702 1865 830 1913 lived,
845 1867 919 1902 not
939 1867 983 1902 to
1001 1863 1067 1901 his
1089 1862 1302 1901 advanced
1320 1874 1455 1913 years.
1508 1861 1561 1899 So
1578 1860 1785 1911 similarly
1806 1860 1815 1876 ¹
1828 1860 1992 1911 antiqui
2070 1897 2077 1902 ,

408 1932 579 1973 Catonis
594 1932 604 1951 ²
635 1931 679 1969 in
700 1943 755 1970 an
775 1930 963 1981 epigram
983 1929 1095 1967 cited
1124 1928 1179 1979 by
1200 1928 1340 1974 Quint.
1364 1927 1475 1966 VIII
1496 1927 1534 1975 3,
1556 1927 1620 1965 29.
1681 1926 1769 1964 The
1791 1939 1995 1964 commen-

404 2004 537 2039 tators
559 1999 648 2038 also
669 2009 860 2048 compare
882 1995 964 2035 Cic.
982 1995 1100 2033 Brut.
1119 1994 1183 2042 10,
1198 1994 1252 2032 39
1273 1992 1428 2043 quoted
1442 1991 1487 2030 in
1501 1994 1599 2029 note
1616 2003 1648 2029 c.
1665 1991 1717 2030 16
1732 1995 1772 2028 17
1793 1990 1870 2028 but
1889 1990 2000 2029 have

405 2064 657 2105 overlooked
678 2064 783 2102 Stat.
804 2062 904 2100 Silv.
923 2061 986 2099 IV
1002 2061 1038 2108 9,
1054 2060 1106 2097 20
1127 2058 1249 2096 Bruti
1267 2057 1378 2096 senis
1395 2056 1665 2096 oscitationes
1686 2057 1728 2109 (†
1744 2057 1797 2095 37
1814 2068 1937 2107 years
1953 2055 1998 2094 of

406 2134 500 2186 age)
524 2132 546 2169 I
566 2132 604 2180 2,
622 2131 703 2169 253
725 2127 1005 2169 Callimachus
1028 2139 1057 2165 s.
1080 2126 1119 2165 V
1134 2126 1172 2174 3,
1190 2125 1268 2163 151
1287 2123 1493 2162 Ascraeus
1513 2123 1760 2173 Siculusque
1787 2122 1891 2160 Hor.
1911 2122 1998 2161 Sat.

407 2199 454 2237 II
476 2199 513 2247 1,
531 2199 584 2237 34
614 2198 690 2248 Ep.
714 2197 761 2234 II
782 2196 819 2245 1,
837 2195 1021 2235 56.—c.
1041 2193 1272 2234 Gracchus:
1308 2192 1347 2231 Ο.
1369 2191 1630 2242 Sempronius
1653 2191 1871 2238 Gracchus,
1893 2189 1998 2228 born

410 2265 541 2318 154]ss
562 2264 658 2303 trib.
677 2263 785 2314 pleb.
805 2261 1007 2309 123-121,
1030 2260 1075 2298 in
1093 2259 1231 2298 which
1251 2259 1380 2297 latter
1399 2271 1499 2309 year
1518 2257 1571 2296 he
1592 2270 1677 2296 was
1700 2256 1999 2295 assassinated.

409 2331 474 2371 On
488 2331 555 2369 his
573 2331 809 2380 eloquence,
827 2328 880 2366 cf.
897 2327 980 2367 Cic.
996 2327 1114 2365 Brut.
1130 2326 1196 2373 33,
1211 2324 1292 2362 125
1307 2323 1351 2362 ff.
1368 2323 1470 2362 Noli
1486 2353 1494 2362 .
1514 2353 1523 2362 .
1543 2354 1552 2363 .
1569 2326 1716 2374 putare
1733 2333 1999 2372 quemquam,

411 2398 551 2444 Brute,
567 2394 794 2445 pleniorem
819 2395 891 2430 aut
920 2390 1139 2428 uberiorem
1169 2389 1221 2427 ad
1251 2388 1474 2427 dicendum
1504 2387 1637 2425 fuisse
1659 2416 1668 2424 .
1691 2416 1699 2425 .
1723 2416 1731 2425 .
1754 2385 2000 2436 eloquentia

411 2462 580 2513 quidem
608 2459 749 2498 nescio
769 2471 823 2497 an
851 2456 1070 2496 habuisset
1099 2468 1241 2505 parem
1271 2453 1491 2492 neminem.
1554 2452 1735 2492 Grandis
1757 2455 1822 2490 est
1841 2451 1993 2500 verbis,

411 2527 576 2579 sapiens
599 2524 834 2572 sententiis,
858 2535 1007 2573 genere
1027 2524 1117 2560 toto
1145 2519 1283 2570 gravis
1305 2535 1312 2558 :
1344 2532 1490 2558 manus
1512 2522 1699 2557 extrema
1717 2531 1801 2556 non
1821 2516 1999 2556 accessit

411 2593 605 2645 operibus
623 2591 730 2640 eius;
752 2589 963 2641 praeclare
980 2587 1177 2625 incohata
1192 2586 1336 2634 multa,
1354 2585 1544 2636 perfecta
1555 2597 1639 2622 non
1652 2584 1787 2634 plane.
1822 2583 1934 2621 Plut.
1950 2583 1993 2622 C.

412 2659 583 2700 Gracch.
607 2659 631 2697 3
653 2659 791 2710 ἰσχύων
810 2658 864 2707 τῷ
883 2655 1008 2707 λέγειν
1028 2652 1073 2695 ὥς
1094 2655 1211 2694 ἄλλος
1233 2652 1361 2693 οὐδείς.
1405 2652 1477 2701 Cp.
1496 2650 1656 2689 Teuffel
1676 2652 1694 2694 ἓ
1713 2649 1805 2697 135,
1823 2650 1849 2687 4
1865 2648 1895 2687 f.
1914 2648 1999 2687 and

413 2729 508 2764 note
530 2738 562 2763 c.
585 2725 638 2763 26
663 2731 694 2761 2.
709 2723 922 2772 -plenus
942 2720 1025 2759 and
1045 2721 1141 2757 uber
1160 2718 1248 2757 also
1265 2717 1483 2756 combined
1504 2717 1549 2754 in
1569 2717 1661 2754 Tac'.
1685 2715 1795 2754 Ann.
1818 2714 1909 2754 XII
1930 2715 1996 2753 60.

467 2791 518 2829 10
550 2792 738 2830 Crassus:
771 2789 817 2826 L.
841 2787 1028 2825 Licinius
1055 2786 1235 2832 Crassus,
1256 2784 1361 2822 born
1383 2796 1419 2821 B.
1437 2795 1470 2821 c.
1494 2783 1573 2821 119
1604 2794 1713 2820 cons.
1738 2781 1790 2820 95
1811 2792 1920 2819 cens.
1944 2780 1996 2818 92

411 2857 510 2896 died
535 2857 604 2906 91,
636 2868 713 2894 one
743 2854 789 2892 of
816 2854 888 2892 the
919 2850 1127 2903 principal
1156 2849 1449 2888 interlocutors
1481 2848 1523 2885 in
1553 2849 1625 2886 the
1656 2849 1718 2885 De
1744 2847 1929 2893 Oratore,
1953 2845 1996 2882 in
