2262 3224
1040 211 1079 245 c.
1109 196 1172 244 18.
1815 199 1900 242 201

295 339 420 380 posse
441 341 532 368 esse
554 341 738 368 summos
760 327 834 380 qui
855 327 967 367 inter
989 341 1032 367 se
1054 330 1154 367 sunt
1176 326 1406 366 dissimiles
1428 327 1511 366 and
1531 339 1616 378 esp.
1637 327 1687 365 de
1708 331 1811 366 orat.
1831 327 1903 366 ΙΙΙ

298 394 338 444 7,
358 393 413 434 25
432 419 491 425 --
509 395 548 444 9,
583 395 651 444 36,
680 394 822 434 where
851 395 925 434 the
964 394 1087 434 truth
1115 394 1161 434 of
1190 394 1264 433 the
1294 393 1430 433 thesis
1468 393 1642 432 ‘natura
1681 393 1801 433 nulla
1839 397 1904 433 est

295 493 306 504 .
330 493 340 503 .
363 493 372 503 .
396 476 503 515 quae
523 476 608 503 non
636 463 791 503 habeat
819 463 866 502 in
885 476 961 503 suo
982 476 1133 515 genere
1163 475 1230 502 res
1261 462 1499 514 complures
1530 462 1761 502 dissimiles
1792 462 1904 501 inter

296 542 342 570 se
363 543 471 582 quae
500 534 645 570 tamen
674 530 886 570 consimili
915 530 1040 569 laude
1066 529 1319 581 dignentur'
1350 529 1386 568 is
1417 529 1678 568 established
1709 529 1765 580 by
1787 529 1904 568 illus-

295 596 478 636 trations
498 597 610 636 from
630 600 708 646 art,
730 600 881 649 poetry
902 597 986 636 and
1005 600 1187 648 oratory.
1248 595 1390 642 Quint.
1413 596 1455 635 X
1475 596 1514 645 5,
1538 597 1562 635 7
1591 595 1626 634 si
1647 608 1732 634 uno
1753 608 1903 646 genere

295 662 657 713 benediceretur,
690 663 757 703 fas
793 667 884 703 erat
912 663 1148 703 existimari
1186 662 1449 715 praeclusam
1480 662 1601 701 nobis
1637 675 1662 701 a
1693 662 1902 714 prioribus

295 729 422 769 viam.
481 730 607 770 Nunc
643 743 742 770 vero
778 730 1108 769 innumerabiles
1144 733 1244 769 sunt
1278 729 1392 768 modi
1426 729 1718 781 plurimaeque
1758 729 1902 768 eodem

295 795 391 836 viae
425 797 586 836 ducunt
614 797 728 836 VIII
750 797 788 846 5,
810 798 864 836 34
890 809 955 846 ne,
979 797 1077 836 dum
1098 796 1293 836 volumus
1324 808 1415 835 esse
1446 795 1642 834 meliores
1674 795 1901 845 veteribus,

212 911 217 914 ι
296 862 429 903 simus
468 866 636 903 tantum
675 863 917 903 dissimiles.
989 864 1079 903 The
1120 876 1234 902 same
1274 862 1533 902 alliterative
1568 862 1819 901 collocation
1858 863 1905 901 of

296 928 533 969 ‘deterius'
555 930 639 969 and
659 929 900 969 ‘diversus’
933 943 1077 970 occurs
1112 931 1206 969 Tac.
1241 930 1351 968 Ann.
1386 930 1468 969 XV
1496 929 1548 968 10
1581 928 1627 967 in
1659 928 1828 968 diversa
1857 942 1903 969 ac

295 996 508 1036 deteriora
525 996 747 1036 transibat.
762 998 998 1037 —statimz
1020 996 1029 1012 ³
1044 996 1350 1048 straightway,⁷
1372 995 1398 1034 i.
1422 1008 1456 1036 e.
1485 1008 1562 1034 nor
1582 996 1680 1034 does
1702 995 1737 1034 it
1758 995 1903 1035 follow

295 1063 565 1115 necessarily.
626 1063 894 1115 Apparently
920 1063 1148 1115 colloquial
1178 1076 1318 1113 usage.
1380 1062 1444 1103 Cf.
1467 1062 1610 1108 Quint.
1639 1062 1661 1100 I
1681 1063 1720 1111 4,
1742 1062 1796 1101 24
1826 1076 1903 1102 nec

296 1129 441 1169 statim
463 1130 713 1181 diligentem
734 1130 891 1182 putabo
912 1130 997 1169 and
1016 1130 1084 1169 his
1106 1129 1352 1169 inferentia]
1372 1141 1447 1168 use
1469 1129 1515 1168 of
1535 1128 1545 1144 ¹
1559 1129 1777 1181 protinus'
1806 1142 1839 1168 e.
1863 1143 1899 1180 g.

295 1196 410 1237 VIII
430 1197 469 1246 2,
490 1197 516 1235 4
547 1210 632 1236 non
662 1196 871 1248 quidquid
901 1210 985 1235 non
1015 1196 1097 1236 erit
1127 1196 1359 1248 proprium,
1382 1195 1576 1247 protinus
1607 1199 1650 1234 et
1681 1195 1903 1248 improprii

294 1262 403 1302 vitio
422 1263 643 1303 laborabit.

352 1330 405 1369 16
434 1330 543 1371 vitio
561 1333 703 1371 autem
726 1331 1018 1382 malignitatis
1034 1331 1247 1370 humanae
1262 1333 1408 1371 vetera
1425 1341 1587 1381 semper
1603 1330 1650 1369 in
1667 1330 1794 1370 laude
1818 1333 1901 1369 etc:

296 1396 386 1436 The
407 1396 560 1448 golden
582 1409 658 1448 age
678 1397 756 1436 has
787 1397 945 1448 always
972 1397 1079 1436 been
1100 1397 1249 1448 placed
1279 1396 1323 1434 in
1355 1396 1428 1435 the
1460 1399 1557 1448 past
1589 1396 1672 1435 and
1704 1396 1776 1435 the
1807 1396 1904 1436 idea

293 1463 390 1503 that
420 1462 651 1514 ‘blessings
673 1463 872 1514 brighten
893 1476 938 1502 as
958 1464 1060 1514 they
1082 1463 1182 1502 take
1212 1463 1325 1502 their
1354 1463 1503 1514 flight⁷
1525 1463 1601 1502 has
1633 1463 1902 1515 accordingly

293 1542 398 1582 very
413 1530 659 1582 frequently
672 1530 806 1569 found
826 1530 1145 1581 epigrammatic
1162 1530 1421 1581 expression,
1442 1529 1606 1580 though
1627 1533 1701 1568 not
1721 1530 1902 1569 without

293 1596 470 1636 decided
508 1601 707 1649 protests,
748 1597 978 1649 especially
1019 1610 1209 1636 common
1249 1596 1294 1635 in
1333 1597 1513 1648 post-Au
1546 1629 1553 1636 .
1595 1596 1773 1635 writers.
1850 1597 1901 1635 In

292 1663 485 1703 addition
520 1666 565 1703 to
598 1664 672 1703 the
707 1676 904 1715 passages
939 1664 1111 1716 already
1147 1663 1260 1703 cited
1294 1667 1338 1702 to
1373 1676 1405 1702 c.
1429 1663 1481 1701 12
1592 1664 1674 1702 and
1708 1664 1759 1702 15
1784 1671 1817 1712 2,
1845 1664 1898 1702 cf.

293 1730 531 1770 Menander
555 1730 617 1787 (?)
640 1743 705 1782 ap.
731 1731 844 1770 Stob.
869 1731 962 1779 125,
985 1731 1010 1770 3
1042 1731 1152 1771 δεινοὶ
1182 1732 1256 1783 γὰρ
1287 1730 1390 1782 ἀνδρὶ
1420 1732 1556 1772 πάντες
1587 1732 1703 1781 ἐσμὲν
1732 1730 1889 1786 εὖκλεεῒΙ

291 1799 410 1838 Ζῶντι
442 1798 645 1848 φθονῆσαι,
670 1798 900 1838 κατθανόντα
919 1796 955 1837 δ’
977 1798 1130 1846 αἰνέσαι,
1154 1797 1349 1836 imitated
1368 1797 1425 1848 by
1447 1797 1550 1836 Hor.
1585 1797 1627 1837 C.
1658 1797 1730 1835 III
1758 1797 1823 1845 24,
1847 1798 1898 1836 31

290 1863 496 1903 virtutem
516 1863 771 1903 incolumem
792 1864 957 1903 odimus
985 1862 990 1920 Ι
1017 1864 1226 1903 sublatam
1248 1877 1300 1902 ex
1330 1863 1462 1903 oculis
1484 1863 1726 1914 quaerimus
1750 1863 1897 1903 invidi.

291 1929 405 1969 Plut.
429 1931 522 1970 Per.
545 1931 598 1971 39
629 1933 666 1970 οἱ
685 1933 824 1979 ζῶντος
854 1931 1103 1983 βαρυνόμενοι
1133 1932 1203 1982 τὴν
1229 1931 1391 1981 δύναμιν,
1415 1929 1462 1972 ὥς
1490 1933 1732 1982 ἀμαυροῦσαν
1750 1933 1897 1978 αὐτούς,

292 1997 400 2039 εὐθὺς
434 2000 475 2036 ἐκ
506 1997 631 2038 ποδῶν
661 1998 862 2051 γενομένου
893 2028 901 2036 .
926 2028 934 2036 .
958 2026 967 2035 .
1000 2000 1317 2050 ἀνωμολογοῦντο
1351 1998 1606 2049 μετριώτερον
1640 2000 1679 2037 ἐν
1707 1998 1808 2050 ὄγκῳ
1841 1998 1899 2036 καὶ

291 2063 522 2116 σεμνότερον
541 2067 580 2104 ἐν
599 2063 791 2116 πραότητι
811 2066 864 2116 μὴ
886 2067 1000 2114 φῦναι
1021 2063 1179 2116 τρόπον.
1251 2064 1335 2104 Cic.
1360 2063 1473 2102 Lael.
1498 2063 1535 2112 1,
1558 2064 1583 2101 4
1615 2063 1658 2101 in
1679 2063 1898 2102 hominum

290 2133 483 2169 veterum
518 2130 772 2170 auctoritate
812 2134 855 2170 et
887 2143 1030 2170 eorum
1066 2130 1299 2169 illustrium
1334 2130 1430 2182 plus
1470 2130 1613 2169 nescio
1653 2143 1736 2181 quo
1775 2135 1898 2181 pacto

290 2196 461 2236 videtur
483 2227 491 2236 .
515 2227 523 2236 .
547 2228 556 2236 .
579 2197 803 2248 gravitatis
843 2197 951 2238 Vell.
984 2198 1078 2237 Pat.
1111 2198 1158 2236 II
1179 2198 1245 2246 92,
1267 2198 1293 2235 4
1316 2197 1557 2248 praesentia
1587 2197 1760 2246 invidia,
1784 2210 1899 2248 prae-

289 2263 421 2303 terita
435 2264 706 2303 veneratione
723 2264 1018 2316 prosequimur
1054 2265 1147 2303 Sen.
1167 2265 1219 2303 ad
1241 2265 1370 2303 Marc.
1391 2265 1455 2313 16,
1474 2265 1499 2303 9
1522 2267 1587 2302 est
1603 2264 1772 2315 quidem
1794 2264 1898 2303 haec

290 2333 442 2370 natura
461 2330 717 2381 mortalium,
738 2334 787 2370 ut
816 2331 926 2370 nihil
956 2331 1089 2382 magis
1111 2331 1276 2382 placeat
1297 2344 1423 2382 quam
1445 2331 1556 2382 quod
1587 2331 1788 2369 amissum
1818 2334 1896 2381 est,

289 2396 523 2449 iniquiores
561 2410 704 2437 sumus
738 2398 940 2437 adversus
966 2398 1117 2437 relicta
1146 2402 1386 2449 ereptorum
1418 2397 1627 2436 desiderio
1681 2397 1731 2436 de
1756 2398 1895 2437 benef.

290 2463 314 2502 I
346 2464 412 2513 10,
444 2464 467 2503 1
505 2463 565 2504 sic
594 2464 804 2513 finiamus,
838 2477 890 2504 ne
927 2464 971 2502 in
1001 2468 1147 2503 nostro
1177 2464 1344 2503 saeculo
1379 2464 1504 2515 culpa
1538 2463 1741 2502 subsidat.
1803 2464 1896 2504 Hoc

289 2530 469 2570 maiores
502 2531 637 2570 nostri
672 2531 812 2583 questi
847 2535 958 2580 sunt,
980 2531 1059 2570 hoc
1093 2543 1169 2570 nos
1191 2530 1420 2582 querimur,
1455 2531 1532 2569 hoc
1566 2530 1724 2582 posteri
1761 2531 1895 2569 nostri

289 2601 531 2648 querentur,
555 2611 724 2637 eversos
748 2611 897 2647 mores,
920 2610 1094 2648 regnare
1111 2597 1359 2648 nequitiam,
1382 2597 1426 2635 in
1448 2597 1635 2636 deterius
1658 2610 1723 2636 res
1755 2598 1896 2636 huma-

289 2676 366 2703 nas
388 2667 431 2704 et
456 2677 579 2704 omne
601 2665 722 2705 nefas
743 2665 842 2704 labi.
875 2665 937 2704 VI
959 2664 1025 2713 32,
1047 2665 1073 2702 4
1104 2665 1180 2715 Ep.
1205 2665 1270 2712 97,
1290 2664 1312 2702 1
1335 2676 1462 2712 erras,
1485 2664 1543 2702 mi
1565 2664 1716 2712 Lucili,
1746 2664 1782 2702 si
1812 2664 1896 2703 exi—

290 2730 438 2771 stimas
474 2732 607 2771 nostri
640 2732 797 2772 saeculi
828 2744 918 2771 esse
949 2731 1102 2770 vitium
1132 2730 1345 2769 luxuriam
1377 2734 1419 2769 et
1453 2730 1754 2781 negligentiam
1796 2731 1895 2770 boni

289 2797 418 2837 moris
440 2802 482 2838 et
503 2798 587 2838 alia
606 2811 712 2850 quae
734 2798 888 2838 obiecit
918 2811 1018 2837 suus
1041 2797 1220 2848 quisque
1250 2797 1512 2848 temporibus
1532 2812 1539 2835 :
1571 2797 1787 2836 hominum
1811 2797 1896 2836 ista

290 2867 390 2904 sunt
421 2877 505 2904 non
536 2867 786 2917 temporum.
820 2864 939 2904 nulla
970 2867 1085 2903 aetas
1107 2863 1275 2902 vacavit
1307 2876 1332 2902 a
1362 2863 1496 2915 culpa.
1530 2867 1572 2902 et
1603 2863 1639 2902 si
1669 2863 1893 2903 aestimare
