2262 3224
382 200 469 241 366
1086 210 1250 244 NOTES.

381 326 684 378 opportunity.’
726 326 814 365 The
831 326 960 365 Dictt.
979 327 1031 365 do
1047 329 1120 365 not
1141 338 1253 365 seem
1273 329 1317 365 to
1338 325 1551 376 recognise
1566 325 1654 364 this
1671 324 1970 376 significatiom

382 392 417 431 it
438 392 486 440 is,
508 392 714 441 however,
736 392 870 430 found
890 405 924 431 e.
940 405 976 442 g.
999 392 1044 430 in
1065 394 1160 431 Tac.
1183 392 1292 431 Ann.
1316 393 1362 430 II
1383 393 1435 431 30
1466 391 1683 431 certabant
1707 394 1778 446 (sc.
1811 403 1972 430 accusa-

380 460 513 510 tores)
537 458 604 497 cui
626 458 690 497 ius
711 458 935 510 perorandi
956 458 1000 497 in
1021 471 1137 497 reum
1158 459 1338 497 daretur.
1398 458 1575 496 vexandi
1602 458 1638 496 is
1666 458 1759 496 best
1779 457 1908 496 taken
1927 457 1973 496 in

380 524 453 563 the
484 537 604 563 sense
641 525 687 563 of
716 524 909 574 ‘attack,'
943 537 988 564 as
1009 524 1054 563 in
1074 537 1107 564 0.
1131 525 1154 563 1
1176 531 1225 569 20,
1249 525 1428 563 inultum
1457 528 1609 563 vexata
1637 528 1679 563 et
1709 523 1841 563 inrisa
1858 527 1973 563 vetu-

381 594 491 629 state
521 591 575 629 24
599 596 619 628 3
649 591 815 641 copiose
836 603 883 630 ac
903 591 1018 629 varie
1038 591 1211 630 vexavit
1239 591 1435 641 antiquos
1484 591 1566 630 Cic.
1590 592 1708 629 Tusc.
1732 590 1850 641 Disp.
1872 591 1912 630 V
1932 591 1970 639 9,

380 657 434 696 29
465 660 642 695 vexatur
673 657 992 708 Theophrastus
1029 661 1071 696 et
1100 657 1221 695 libris
1252 660 1294 695 et
1325 657 1478 695 scholis
1500 657 1685 695 omnium
1707 657 1972 707 philosopho-

380 736 473 761 rum
522 723 572 761 de
593 736 678 774 rep.
702 724 766 763 IV
787 724 851 772 10,
874 724 923 762 11
957 736 1081 774 quem
1111 723 1186 762 illa
1215 726 1354 778 (vetus
1382 723 1611 774 comoedia)
1635 736 1718 761 non
1739 722 1884 773 attigit
1902 722 1971 762 vel

380 789 521 840 potius
557 789 730 828 vexavit
748 790 940 828 ?—The
976 793 1202 828 statement
1237 801 1370 828 seems
1405 802 1430 828 a
1462 789 1690 840 repetition
1724 789 1769 827 in
1802 802 1827 828 a
1857 802 1970 828 more

380 856 659 905 exaggerated
691 856 800 894 form
826 856 872 894 of
902 869 934 895 c.
957 857 1010 895 36
1033 862 1074 894 10
1095 856 1380 894 accusationes
1412 855 1649 906 potentium
1683 868 1857 894 reorum.
1917 856 1971 894 In
2008 897 2015 899 s

380 935 463 973 any
485 934 592 971 case,
614 922 700 960 this
724 926 952 970 utterance,
975 935 1019 960 as
1041 922 1138 960 well
1159 934 1203 961 as
1224 922 1295 961 the
1317 921 1547 972 following,
1569 922 1604 960 is
1627 921 1742 972 quite
1772 921 1971 961 unsuited

379 991 424 1026 to
446 988 679 1027 Maternus'
702 988 895 1027 attitude.

435 1055 461 1092 2
492 1055 586 1105 ipsa
610 1055 1126 1106 inimicitiarumsgloria:
1159 1055 1222 1094 Cf.
1241 1067 1273 1093 c.
1292 1056 1345 1093 36
1361 1060 1399 1092 11
1431 1054 1675 1104 adsignatae
1696 1053 1823 1092 etiam
1843 1053 1970 1092 domi-

379 1121 456 1159 bus
478 1120 727 1160 inimicitiae
767 1122 820 1160 37
842 1124 924 1159 ext.
957 1120 1182 1159 nobilitata
1206 1120 1518 1159 discriminibus
1549 1121 1632 1159 and
1661 1133 1746 1171 esp.
1769 1120 1824 1158 H.
1848 1120 1894 1158 II
1915 1121 1968 1159 53

378 1191 427 1225 ut
447 1199 579 1226 novus
601 1188 736 1226 adhuc
757 1191 799 1226 et
820 1187 865 1225 in
886 1190 1078 1226 senatum
1098 1200 1231 1237 nuper
1260 1187 1446 1226 adscitus
1477 1186 1617 1238 magni
1643 1190 1706 1241 (=
1725 1199 1970 1236 magnorum

379 1253 583 1306 virorum)
607 1253 844 1292 inimicitiis
865 1253 1112 1292 claresceret
1135 1256 1207 1308 (sc.
1231 1253 1441 1304 Caecina).

435 1321 460 1358 3
492 1321 642 1360 Publio
668 1321 836 1371 quidem
862 1320 1078 1370 Scipione:
1111 1319 1281 1357 Tacitus
1316 1319 1519 1370 probably
1554 1319 1628 1357 has
1664 1318 1890 1370 especially
1923 1318 1969 1357 in

378 1386 497 1425 mind
530 1386 603 1424 the
638 1386 874 1425 celebrated
907 1386 1009 1424 feud
1042 1385 1232 1424 between
1266 1385 1338 1423 the
1373 1385 1488 1423 elder
1518 1384 1710 1423 Tiberius
1742 1385 1967 1434 Gracchus,

380 1453 482 1492 Cato
517 1453 600 1491 and
633 1453 705 1491 the
739 1455 824 1491 two
860 1451 1034 1502 Scipios,
1066 1452 1264 1490 recorded
1292 1451 1336 1489 in
1367 1451 1486 1502 Livy.
1547 1452 1610 1491 Cf.
1643 1452 1884 1491 XXXVIII
1914 1452 1968 1491 54

379 1520 517 1557 Morte
534 1518 730 1557 Africani
750 1531 916 1557 crevere
938 1517 1202 1556 inimicorum
1224 1517 1367 1566 animi,
1390 1530 1566 1567 quorum
1586 1517 1781 1568 princeps
1802 1517 1886 1556 fuit
1906 1518 1964 1556 M.

378 1585 553 1623 Porcius
576 1585 678 1624 Cato
700 1584 772 1635 qui
792 1584 891 1622 vivo
912 1596 1076 1634 quoque
1098 1596 1145 1622 eo
1166 1583 1374 1622 adlatrare
1396 1583 1727 1638 magnitudinem
1754 1583 1843 1622 eius
1874 1583 1969 1622 soli-

377 1654 446 1689 tus
469 1654 558 1689 erat
607 1651 659 1690 57
691 1650 926 1690 Gracchum
964 1652 1054 1704 (not
1089 1649 1289 1688 Metellus
1325 1649 1633 1697 Macedonicus,
1669 1650 1807 1688 whom
1840 1650 1966 1688 Peter

378 1729 410 1755 0.
433 1717 486 1756 36
509 1723 547 1754 11
578 1717 635 1767 by
655 1729 679 1755 a
699 1720 868 1765 strange
890 1715 973 1766 slip
994 1715 1040 1753 of
1059 1728 1246 1766 memory
1263 1715 1385 1766 cites)
1410 1746 1417 1753 .
1443 1746 1450 1753 .
1475 1746 1483 1754 .
1507 1715 1666 1753 iurasse
1688 1715 1770 1753 sibi
1791 1715 1967 1755 inimici-

376 1783 458 1821 tias
490 1796 584 1821 cum
615 1782 892 1832 Scipionibus,
916 1794 1021 1832 quae
1048 1781 1243 1830 fuissent,
1266 1794 1432 1819 manere
1492 1781 1598 1821 Gell.
1621 1782 1683 1820 VI
1707 1781 1830 1836 (VII)
1853 1782 1917 1830 19,
1940 1783 1965 1821 6

377 1853 496 1900 pater
517 1849 608 1887 Tib.
631 1852 757 1899 atque
781 1849 823 1888 C.
849 1848 1130 1887 Gracchorum
1150 1861 1243 1886 cum
1264 1848 1309 1886 P.
1331 1847 1524 1898 Scipione
1546 1847 1748 1886 Africano
1769 1847 1965 1887 inimicus

378 1915 516 1965 gravis
547 1915 599 1953 ob
630 1914 851 1966 plerasque
884 1914 928 1951 in
959 1913 1172 1964 republica
1199 1913 1481 1952 dissensiones
1506 1917 1628 1962 esset,
1651 1913 1807 1952 iuravit
1827 1913 1966 1965 palam

377 1981 422 2019 in
455 1981 684 2020 amicitiam
716 1980 842 2031 inque
864 1979 1042 2030 gratiam
1073 1992 1115 2017 se
1147 1992 1240 2018 cum
1270 1980 1315 2018 P.
1338 1979 1540 2018 Africano
1561 1992 1644 2017 non
1674 1979 1830 2018 redisse
1880 1980 1961 2020 Cic.

377 2048 428 2086 de
450 2060 535 2098 rep.
557 2049 578 2085 Ι
595 2048 659 2092 19,
674 2047 725 2085 31
745 2047 1045 2084 obtrectatores
1077 2049 1217 2083 autem
1238 2049 1280 2083 et
1310 2045 1446 2083 invidi
1478 2045 1685 2095 Scipionis
1733 2045 1826 2085 Val.
1850 2046 1963 2086 Max.

378 2114 450 2152 ΠΙ
481 2116 517 2161 7,
541 2114 564 2151 1
618 2114 681 2153 IV
701 2114 740 2162 2,
762 2117 786 2154 3
830 2112 869 2151 V
888 2113 926 2160 3,
948 2112 973 2149 2
1022 2111 1134 2150 Plut.
1170 2112 1258 2151 Cat.
1289 2111 1388 2149 Mai.
1422 2111 1485 2149 15.
1503 2113 1614 2151 —L
1641 2112 1761 2151 Sulla
1785 2112 1869 2152 and
1893 2113 1963 2153 Gn.

379 2181 599 2230 Pompeio:
631 2179 720 2217 The
754 2178 920 2229 history
949 2177 994 2216 of
1026 2177 1129 2215 both
1163 2178 1208 2215 of
1241 2177 1360 2215 these
1392 2191 1487 2215 men
1517 2177 1730 2216 furnishes
1751 2178 1980 2225 abundant,

377 2246 589 2296 examples
618 2246 664 2284 of
695 2245 859 2284 attacks
892 2257 945 2282 on
976 2244 1048 2282 the
1078 2247 1172 2294 part
1202 2244 1248 2281 of
1276 2243 1465 2294 political
1491 2247 1734 2294 opponents.

511 2334 566 2366 On
582 2334 642 2365 the
659 2333 833 2373 necessity
851 2332 889 2364 of
904 2332 1076 2372 inserting
1092 2332 1130 2363 L.
1146 2331 1266 2363 before
1288 2331 1430 2371 ‘Sulla,'
1449 2341 1507 2363 see
1523 2332 1598 2364 crit.
1622 2336 1704 2363 note
1721 2342 1749 2364 c.
1773 2332 1813 2364 18
1830 2338 1871 2365 17.

434 2423 476 2450 se
494 2436 499 2443 -
523 2436 529 2442 -
551 2436 558 2443 ·
582 2411 842 2450 abstinerent
865 2421 872 2449 :
907 2409 958 2447 Se
978 2409 1175 2446 abstinere
1196 2410 1243 2446 ab
1265 2408 1402 2457 aliquo
1433 2408 1468 2446 is
1490 2408 1722 2459 extremely
1743 2421 1846 2447 rare.
1898 2408 1961 2448 Cf.

377 2477 514 2515 Plaut.
548 2477 665 2516 Curc.
699 2477 720 2514 Ι
742 2476 779 2524 1,
802 2477 854 2514 37
905 2475 987 2514 Cic.
1011 2475 1137 2512 Acad.
1171 2475 1217 2512 II
1239 2475 1303 2521 17,
1326 2475 1378 2512 55
1429 2474 1521 2512 Sen.
1545 2475 1684 2513 Contr.
1716 2475 1738 2512 I
1759 2475 1797 2522 2,
1820 2475 1844 2513 9
1893 2475 1961 2513 Ps.

377 2543 517 2588 Quint.
551 2543 616 2591 12,
638 2543 662 2580 1
703 2543 772 2580 Ps.
806 2541 901 2580 Sall.
937 2541 982 2578 in
1011 2540 1094 2580 Cic.
1127 2542 1164 2588 3,
1187 2541 1211 2578 9
1242 2540 1324 2578 and
1354 2540 1532 2590 perhaps
1563 2541 1657 2578 Tac.
1688 2541 1742 2578 H.
1766 2541 1849 2580 V4
1890 2553 1963 2579 sue

378 2609 591 2647 abstinent
624 2609 734 2662 [MS.
759 2620 853 2646 sues
873 2623 920 2639 =
940 2619 1012 2645 sue
1040 2619 1083 2646 50
1099 2607 1142 2658 ?]
1173 2606 1249 2644 but
1280 2606 1530 2656 apparently
1560 2599 1644 2644 not'
1663 2606 1888 2644 elsewhere
1917 2605 1963 2644 in

378 2675 514 2713 Latin.
578 2675 653 2713 See
674 2674 913 2721 Weinhold,
944 2673 1096 2710 Archiv
1117 2673 1178 2711 VI
1210 2673 1300 2710 512.
1318 2673 1439 2711 —ad
1464 2673 1726 2712 incessendos
1750 2673 1962 2723 principes

376 2743 489 2781 viros
507 2744 554 2780 ut
571 2744 632 2780 est
649 2744 803 2780 natura
819 2740 1030 2779 invidiae:
1063 2739 1150 2776 The
1171 2738 1351 2788 thought
1367 2738 1402 2776 is
1419 2750 1444 2776 a
1459 2739 1778 2788 commonplaee,
1795 2738 1898 2776 both
1917 2737 1963 2775 in

380 2807 518 2846 Greek
534 2807 617 2845 and
633 2806 770 2844 Latin.
806 2805 869 2845 Cf.
888 2818 921 2843 e.
936 2819 971 2854 g.
989 2804 1133 2854 Eurip.
1152 2804 1303 2842 Beller.
1323 2804 1470 2853 fragm.
1489 2805 1569 2842 294
1585 2804 1687 2842 Nk.2
1701 2807 1749 2845 εἷς
1769 2805 1963 2854 τάπίσημα

378 2873 408 2911 δ’
432 2875 451 2911 ὃ
483 2873 622 2921 φθόνος
652 2873 771 2923 πηδᾶν
800 2876 909 2921 φιλεῖ
948 2872 1111 2908 Lucret.
1127 2871 1166 2909 V
1186 2871 1291 2908 1118
1311 2869 1351 2908 ff.
1377 2869 1474 2908 Sall.
1491 2870 1579 2919 Iug.
1598 2870 1650 2908 55
1671 2873 1766 2919 post
1787 2869 1961 2919 gloriam
