2262 3224
1002 216 1041 251 c.
1071 217 1122 250 19.
1139 217 1205 250 .2o.
1813 205 1898 249 217

295 335 448 376 earlier
467 335 571 376 laws
595 334 716 391 (such
737 347 782 374 as
803 334 877 374 the
897 333 968 373 lex
988 334 1040 373 de
1060 333 1104 372 vi
1125 337 1168 373 et
1188 332 1362 382 ambitu,
1384 332 1451 372 for
1472 332 1681 385 instance)
1704 333 1781 373 but
1800 333 1903 386 they

294 402 554 443 themselves
576 401 824 451 determine,
846 401 1073 452 according
1091 404 1137 440 to
1156 400 1270 440 their
1291 399 1534 449 discretion,
1555 400 1628 439 the
1653 400 1829 440 number
1859 400 1906 440 of

293 469 424 509 hours
453 473 498 509 to
527 469 579 509 be
609 468 789 508 allotted
817 471 862 507 to
890 468 964 507 the
994 467 1158 507 several
1188 466 1399 518 speakers.
1459 467 1549 506 The
1579 471 1903 507 commentators

294 536 449 588 tacitly
469 548 636 576 assume
656 535 730 574 the
747 534 946 585 meaning
960 534 1007 574 of
1027 533 1262 586 ‘accipiunt
1274 534 1284 553 '
1306 537 1351 573 to
1367 533 1417 573 be
1434 533 1529 573 that
1544 534 1617 573 the
1634 534 1904 585 magistrates

296 603 350 643 do
370 606 446 642 not
465 605 613 655 accept
631 601 706 642 the
726 601 945 653 proposals
966 613 1012 640 as
1032 605 1077 640 to
1097 601 1202 640 time
1223 600 1450 640 allowance
1478 601 1599 640 made
1629 604 1673 640 to
1702 601 1819 640 them
1849 602 1905 653 by

295 669 370 710 the
399 669 595 721 litigants
624 668 896 718 themselves,
918 668 994 708 but
1023 668 1110 707 this
1141 680 1276 707 seems
1305 670 1351 706 to
1380 667 1551 707 conflict
1574 667 1680 706 with
1704 668 1819 707 what
1843 681 1904 707 we

294 736 422 776 know
443 736 489 776 of
507 736 673 775 Roman
693 738 814 775 court
834 735 1075 786 procedure.
1137 734 1201 775 Cf.
1220 734 1331 773 Plin.
1350 734 1427 786 Ep.
1447 734 1510 774 IV
1530 735 1568 783 9,
1591 735 1616 774 9
1647 748 1666 773 e
1687 735 1770 785 leqe
1791 747 1907 774 accu-

296 807 412 843 sator
427 815 501 843 sex
520 803 658 852 horas,
674 815 826 842 novem
841 814 937 841 reus
954 802 1169 852 accepisset
1204 801 1250 840 II
1265 802 1398 850 11,14
1433 814 1531 840 113111
1546 801 1639 840 XII
1656 801 1904 853 clepsydris,

217 921 220 923 Β
297 883 402 922 quas
423 869 754 922 spatiosissimas
777 883 1022 921 acceperam,
1046 872 1145 908 sunt
1165 868 1335 908 additae
1363 872 1563 920 quattuor
1596 871 1668 924 (sc.
1693 881 1718 908 a
1748 868 1904 921 iudice)

296 936 439 977 which
467 949 666 988 passages
697 936 798 975 lend
825 935 1013 987 weighty
1044 938 1222 987 support
1250 938 1295 974 to
1323 935 1397 974 the
1428 934 1755 987 interpretation
1785 936 1908 975 advo-

298 1003 421 1044 cated
440 1002 486 1042 in
505 1003 579 1042 the
600 1002 829 1054 preceding
849 1006 960 1042 note.

352 1070 407 1110 25
438 1070 746 1122 expectandum
778 1070 959 1111 habent:
1003 1069 1069 1109 On
1097 1069 1186 1109 this
1217 1068 1449 1120 gerundive
1480 1069 1770 1109 construction
1800 1069 1908 1109 with

297 1136 465 1187 habere,
488 1137 542 1176 cf.
565 1140 665 1175 note
686 1149 719 1176 6.
742 1137 767 1176 8
790 1143 843 1175 12.
1471 1132 1474 1136 ‘

353 1204 408 1243 27
445 1203 532 1244 alio
571 1203 980 1255 transgredientem:
1022 1202 1253 1253 Referring
1290 1206 1334 1241 to
1370 1202 1601 1242 irrelevant
1634 1202 1905 1253 digressions,

298 1272 565 1323 παρεκβάσεις.
627 1270 691 1310 Cf.
715 1269 859 1316 Quint.
882 1270 946 1309 IV
965 1270 1003 1318 3,
1027 1270 1080 1309 13
1111 1282 1194 1320 quo
1224 1282 1277 1307 ex
1307 1281 1458 1319 genere
1492 1272 1565 1325 (sc.
1598 1269 1905 1322 egressionum)

299 1339 366 1376 est
394 1336 439 1375 in
469 1336 731 1376 orationibus
762 1339 908 1376 contra
927 1337 1103 1376 Verrem
1133 1335 1378 1387 compositis
1411 1335 1581 1375 Siciliae
1611 1336 1717 1385 laus,
1740 1337 1909 1376 Proser-

298 1403 424 1456 pinae
453 1406 613 1455 raptus,
644 1415 720 1455 pro
750 1403 793 1444 C.
818 1402 1013 1443 Cornelio
1042 1402 1258 1454 popularis
1289 1402 1366 1441 illa
1393 1402 1603 1441 virtutum
1634 1403 1707 1443 Cn.
1731 1403 1907 1454 Pompei

224 1508 226 1511 .
298 1469 651 1519 commemoratio,
682 1473 727 1509 to
750 1469 890 1508 which
913 1482 976 1509 we
1006 1482 1104 1521 may
1134 1469 1218 1508 add
1245 1469 1319 1508 the
1349 1469 1502 1521 eulogy
1532 1469 1579 1508 of
1607 1474 1727 1520 poets
1759 1470 1804 1508 in
1832 1470 1906 1509 the

297 1549 374 1588 pro
394 1536 521 1576 Arch.
545 1536 629 1576 and
649 1536 722 1575 the
742 1535 891 1575 banter
912 1549 967 1575 on
989 1535 1104 1575 Stoic
1124 1536 1357 1587 paradoxes
1379 1535 1423 1574 in
1443 1536 1517 1575 the
1538 1549 1615 1587 pro
1635 1537 1744 1575 Mur.
1766 1538 1784 1581 ἓ
1801 1538 1851 1576 61
1875 1537 1905 1576 f.

299 1603 403 1643 This
424 1603 623 1655 practice,
644 1603 809 1654 though
830 1606 875 1642 at
894 1602 1020 1642 times
1042 1606 1117 1642 not
1137 1606 1211 1642 out
1236 1602 1282 1641 of
1311 1603 1429 1654 place
1454 1603 1526 1659 (cf.
1550 1603 1634 1644 Cic.
1658 1604 1709 1642 de
1731 1607 1834 1642 orat.
1858 1604 1905 1641 II

299 1673 365 1721 77,
378 1671 459 1711 311
481 1670 645 1722 digredi
665 1674 808 1710 tamen
829 1668 882 1709 ab
902 1682 951 1709 eo
967 1670 1080 1721 quod
1100 1670 1369 1721 proposueris
1391 1673 1518 1721 atque
1535 1682 1647 1721 agas,
1665 1683 1908 1722 permoven-

297 1737 444 1778 dorum
460 1737 697 1778 animorum
714 1749 840 1776 causa
860 1749 985 1788 saepe
1001 1736 1107 1776 utile
1125 1740 1190 1776 est
1211 1736 1353 1782 Quint.
1374 1737 1437 1776 IV
1452 1738 1490 1786 3,
1508 1737 1561 1776 14
1583 1737 1648 1789 f.)‚
1667 1737 1703 1776 is
1720 1737 1907 1789 cleverly

295 1804 504 1845 ridiculed
524 1805 581 1856 by
602 1805 729 1844 Mart.
752 1804 815 1844 VI
836 1804 889 1844 19
915 1816 998 1842 non
1029 1804 1080 1842 de
1108 1803 1153 1842 vi
1182 1816 1320 1854 neque
1350 1804 1476 1842 caede
1506 1817 1582 1843 1166
1612 1817 1775 1843 veneno
1802 1803 1806 1860 Ι
1833 1805 1907 1843 sed

295 1871 350 1912 lis
372 1875 438 1912 est
456 1871 563 1911 mihi
584 1872 635 1911 de
656 1871 794 1911 tribus
816 1870 991 1922 capellis
1020 1869 1024 1924 Ι
1051 1870 1182 1909 vicini
1204 1883 1356 1922 queror
1380 1870 1456 1910 has
1482 1871 1627 1910 abesse
1653 1872 1770 1910 furto
1797 1870 1802 1927 Ι
1829 1872 1906 1910 1166

296 1938 425 1978 iudex
455 1938 537 1978 sibi
557 1938 748 1991 postulat
769 1937 939 1990 probari
967 1936 971 1993 Ι
997 1941 1046 1976 tu
1072 1938 1237 1978 Cannas
1270 1937 1698 1989 Mithridaticumque
1719 1938 1896 1994 bellum!

297 2036 306 2044 .
329 2035 339 2044 .
362 2036 371 2045 .
394 2005 479 2045 iam
496 2005 576 2055 dic,
591 2006 805 2054 Postume,
825 2005 876 2044 de
893 2004 1031 2044 tribus
1048 2004 1224 2055 capellis
1245 2004 1316 2059 (cf.
1336 2004 1467 2043 Anth.
1487 2004 1576 2043 Pal.
1598 2005 1671 2043 III
1692 2004 1778 2057 46).
1832 2006 1905 2057 Cp.

296 2072 550 2122 Volkmann,
581 2073 701 2112 Rhet.
726 2085 765 2124 p.
789 2072 870 2111 124
890 2071 934 2110 ff.
978 2072 1142 2123 Mayor,
1174 2071 1316 2117 Quint.
1343 2072 1386 2110 X
1417 2071 1454 2120 1,
1476 2072 1541 2110 33.
1557 2072 1832 2112 ——festinare
1864 2085 1908 2113 se

295 2142 530 2180 testantur:
562 2139 626 2180 Cf.
651 2139 793 2185 Quint.
818 2139 882 2179 IV
902 2139 939 2187 1,
963 2139 1016 2178 72
1047 2138 1276 2189 aliquando
1306 2141 1449 2177 tamen
1481 2138 1545 2177 uti
1570 2141 1643 2194 (sc.
1671 2139 1903 2191 prooemio)

294 2218 371 2246 nec
393 2205 430 2245 si
450 2206 630 2245 velimus
652 2218 700 2245 eo
721 2205 834 2254 licet,
852 2218 946 2245 cum
967 2205 1095 2244 iudex
1116 2209 1355 2256 occupatus,
1374 2218 1466 2244 cum
1485 2209 1665 2256 angusta
1686 2210 1786 2245 sunt
1805 2210 1907 2245 tem-

293 2285 409 2324 pora,
431 2285 526 2312 cum
548 2272 681 2312 maior
700 2276 889 2324 potestas
910 2272 963 2312 ab
984 2272 1078 2323 ipsa
1098 2285 1142 2312 16
1162 2272 1275 2323 cogit
1295 2271 1482 2324 incipere
1503 2272 1587 2311 and
1607 2285 1692 2324 esp.
1713 2273 1776 2312 IV
1796 2274 1834 2322 5,
1853 2273 1906 2313 10

293 2339 475 2380 festinat
495 2339 608 2379 enim
636 2339 764 2379 iudex
794 2340 847 2379 ad
877 2339 923 2378 id
953 2339 1066 2391 quod
1095 2339 1442 2390 potentissimum
1474 2342 1551 2388 est,
1584 2343 1626 2378 et
1656 2339 1775 2379 velut
1805 2339 1908 2379 obli-

294 2410 440 2458 gatum
460 2406 668 2458 promisso
690 2410 927 2458 patronum,
945 2406 982 2445 si
1003 2410 1069 2446 est
1090 2406 1333 2458 patientior,
1356 2406 1512 2446 tacitus
1534 2406 1748 2458 appellat3
1780 2406 1817 2446 si
1838 2407 1907 2446 vel

293 2478 522 2525 occupatus
549 2473 618 2513 vel
649 2473 693 2512 in
723 2473 868 2525 aliqua
892 2477 1102 2524 potestate
1125 2473 1192 2512 vel
1215 2473 1342 2512 etiam
1368 2473 1429 2512 sic
1450 2473 1636 2513 moribus
1658 2473 1906 2525 incomposi-

293 2544 376 2589 tus,
399 2552 493 2580 cum
513 2540 702 2580 convicio
723 2540 939 2591 efflagitat.

351 2607 415 2648 20.
462 2607 485 2646 1
519 2607 569 2648 de
600 2608 854 2648 infirmitate
885 2607 1149 2648 valetudinis
1189 2619 1289 2647 suae
1335 2608 1600 2658 111-3613316111
1632 2611 1697 2646 etc
1714 2622 1722 2646 :
1761 2607 1904 2654 Quint.

295 2673 359 2714 IV
379 2674 417 2722 1,
435 2673 474 2723 8,
496 2673 532 2712 is
553 2686 667 2713 more
687 2674 874 2714 tolerant
889 2674 935 2713 of
955 2673 1060 2713 such
1081 2673 1090 2690 ‘
1103 2674 1366 2725 captationes
1384 2674 1744 2713 benevolentiae':
1777 2675 1906 2721 Quae-

295 2740 392 2780 dam
423 2770 431 2779 .
459 2770 467 2779 .
498 2772 506 2781 .
538 2741 848 2780 commendatio
877 2740 1020 2789 tacita,
1048 2740 1084 2779 si
1115 2753 1190 2779 nos
1212 2740 1414 2789 infirmos,
1447 2740 1688 2792 imparatos,
1721 2741 1904 2792 impares

295 2806 512 2858 agentium
533 2811 679 2847 contra
699 2807 882 2858 ingeniis
905 2807 1149 2855 dixerimus,
1173 2808 1319 2857 qualia
1346 2814 1443 2846 sunt
1464 2809 1664 2858 pleraque
1686 2809 1905 2846 Messallae

295 2873 516 2924 prooemia.
567 2876 634 2912 est
654 2873 767 2912 enim
794 2873 1002 2913 naturalis
1029 2873 1256 2925 favor'pro
1286 2873 1576 2913 laborantibus
1599 2878 1641 2913 et
1663 2874 1790 2913 iudex
1811 2874 1905 2914 reli-
