2262 3224
1035 198 1074 231 c.
1104 199 1162 232 19.Α
1802 186 1888 228 211

286 315 354 356 011
383 314 686 367 ‘principium'
718 314 773 354 cf.
805 315 851 361 Q.
875 315 937 354 IV
958 315 996 364 1,
1018 315 1042 354 1
1064 315 1107 355 ff.
1169 315 1306 356 Causa
1334 314 1534 366 principii
1564 314 1684 354 nulla
1712 314 1797 354 alia
1826 319 1893 354 est

286 394 412 433 quam
442 385 492 421 ut
517 381 766 430 auditorem,
788 394 871 432 quo
893 381 950 421 sit
970 381 1092 421 nobis
1113 381 1159 420 in
1180 381 1331 421 ceteris
1353 381 1546 433 partibus
1570 381 1890 430 accomodatior,

277 461 578 500 praeparemus
607 447 652 487 id
683 447 775 487 fieri
807 478 815 487 .
851 478 859 486 .
884 479 892 488 .
924 451 1090 487 constat
1120 448 1157 487 si
1186 447 1449 497 benevolum,
1472 451 1698 496 attentum,
1713 448 1893 487 docilem

287 514 525 555 fecerimus.
587 514 676 554 The
705 518 816 554 term
846 514 882 553 is
912 518 987 554 not
1017 514 1187 566 strictly
1217 526 1503 566 synonymous
1537 514 1643 553 with
1673 515 1892 554 exordium

290 584 354 637 (or
373 580 667 633 prooemium),
689 581 852 631 though
873 581 994 620 often
1023 594 1069 621 so
1099 582 1215 631 used,
1238 581 1306 620 for
1334 582 1407 620 the
1436 581 1564 620 latter
1584 593 1670 620 was
1700 581 1756 633 by
1778 594 1894 621 some

287 647 462 688 divided
486 647 579 687 into
597 651 683 687 two
703 651 833 699 parts,
857 647 1161 700 ‘principium'
1193 648 1278 688 and
1307 647 1589 687 ‘insinuatio'
1651 648 1714 688 Cf.
1748 649 1890 695 Quint.

286 715 352 755 IV
371 715 410 764 1,
431 715 497 754 42.
521 716 546 755 7
548 715 587 764 6,
605 714 689 754 and
714 714 759 753 in
780 715 950 765 general
972 715 1095 754 Auct.
1119 715 1174 755 ad
1205 715 1307 755 Her.
1332 715 1356 753 I
1376 716 1402 754 4
1424 715 1508 755 Cic.
1528 715 1579 754 de
1601 714 1686 754 inV.
1711 716 1733 754 I
1756 716 1894 755 15-18

287 780 465 831 Piderit,
483 781 566 822 Cic.
590 782 641 820 de
662 785 766 820 orat.
789 782 960 820 Einleit.
985 795 1023 833 p.
1047 782 1100 821 65
1117 782 1147 821 f.

343 848 397 887 12
427 848 746 888 narrationum:
796 847 885 886 The
925 848 1124 894 narratio,
1150 848 1343 901 διήγησις,
1374 848 1543 900 usually
1583 848 1783 888 followed
1821 848 1895 888 the

287 913 578 966 ‘praeparatio
600 913 828 965 principii.'
889 913 953 954 Cf.
977 914 1119 960 Quint.
1142 915 1206 954 IV
1225 915 1263 963 2,
1287 915 1310 953 1
1342 915 1524 953 maxime
1545 914 1739 954 naturale
1768 919 1833 955 est
1854 919 1898 954 et

287 980 381 1021 fieri
411 980 758 1032 frequentissime
791 980 928 1030 debet,
961 984 1010 1020 ut
1041 984 1291 1032 praeparato
1324 1010 1332 1019 .
1357 1012 1365 1020 .
1390 1012 1398 1020 .
1430 981 1581 1031 iudice,
1615 994 1695 1030 reS,
1729 982 1781 1021 de
1814 995 1900 1034 qua

287 1047 640 1100 pronuntiaturus
662 1051 738 1097 est,
762 1047 974 1087 indicetur
995 1062 1002 1086 :
1034 1047 1136 1087 haec
1157 1051 1223 1086 est
1252 1048 1439 1087 narratio
1469 1049 1522 1088 28
1544 1061 1620 1088 nos
1642 1048 1761 1088 ducit
1781 1049 1898 1088 scho-

286 1114 426 1155 larum
455 1115 715 1154 consuetudo
745 1114 790 1152 in
820 1114 973 1166 quibus
1003 1118 1120 1154 certa
1143 1116 1350 1166 quaedam
1380 1119 1596 1166 ponuntur
1618 1146 1626 1154 .
1651 1146 1659 1154 .
1683 1146 1692 1155 .
1717 1115 1896 1167 ideoque

287 1182 501 1234 prooemio
521 1181 710 1221 narratio
731 1194 896 1232 semper
917 1181 1187 1232 subiungitur
1211 1182 1263 1221 31
1286 1182 1474 1222 narratio
1496 1186 1561 1222 est
1581 1182 1643 1221 rei
1664 1183 1802 1222 factae
1823 1187 1898 1222 aut

287 1252 338 1288 ut
371 1248 510 1288 factae
543 1248 665 1287 utilis
701 1249 755 1288 ad
793 1249 1132 1300 persuadendum
1167 1248 1379 1300 expositio
1415 1250 1679 1301 sqq—alte
1712 1251 1898 1301 repetita

289 1316 421 1356 sorios
461 1315 488 1354 i.
511 1328 545 1354 8.
587 1315 725 1355 either
764 1312 903 1366 prolix
943 1315 1205 1366 expositions
1252 1316 1304 1355 ab
1343 1329 1434 1365 ovo,
1476 1329 1522 1356 or
1561 1316 1754 1368 episodes
1795 1317 1897 1369 only

289 1382 495 1434 remotely
515 1382 746 1422 connected
766 1382 871 1421 with
891 1382 963 1421 the
985 1382 1105 1433 point
1133 1386 1177 1421 at
1207 1382 1332 1432 issue,
1355 1396 1409 1421 on
1430 1383 1569 1422 which
1590 1383 1644 1422 cf.
1668 1384 1810 1431 Quint.
1834 1385 1898 1423 IV

288 1450 328 1499 3,
349 1449 404 1489 25
434 1449 557 1488 Η8110
587 1453 750 1500 partem
780 1450 1019 1501 παρέκβασιν
1046 1453 1200 1488 vocant
1231 1450 1394 1498 Graeci,
1418 1450 1563 1489 Latini
1583 1463 1797 1501 egressum
1827 1451 1897 1490 vel

289 1515 572 1568 egressionem
594 1546 603 1555 .
626 1546 635 1555 .
659 1546 666 1555 .
698 1519 748 1555 ut
775 1516 869 1555 laus
896 1515 1115 1555 hominum
1135 1516 1418 1568 locorumque,
1438 1520 1487 1556 ut
1516 1517 1745 1569 descriptio
1767 1518 1899 1569 regio-

289 1595 403 1633 num,
418 1582 629 1634 expositio
659 1583 920 1634 quarundam
941 1595 1082 1622 rerum
1109 1587 1324 1634 gestarum
1354 1583 1423 1622 vel
1458 1584 1588 1623 etiam
1608 1584 1896 1624 fabulosarum

290 1662 382 1702 sqq.
444 1649 520 1689 See
541 1649 631 1689 also
654 1649 739 1690 Cic.
762 1650 813 1689 de
835 1653 938 1689 orat.
962 1650 1035 1688 III
1055 1650 1122 1698 24,
1145 1651 1196 1690 91
1230 1663 1430 1701 quorsum
1452 1651 1583 1701 igitur
1608 1651 1710 1691 haec
1732 1656 1899 1703 spectat

289 1720 379 1757 tam
397 1716 525 1767 longa
543 1720 586 1756 et
606 1720 694 1756 tam
715 1716 800 1756 alte
823 1716 1007 1768 repetita
1035 1717 1171 1756 oratio
1190 1718 1210 1756 ⁶?
1242 1718 1293 1756 de
1314 1717 1394 1768 leg.
1418 1718 1439 1756 Ι
1465 1719 1503 1767 6,
1526 1719 1578 1758 18
1609 1719 1694 1758 alte
1724 1732 1824 1758 vero
1855 1723 1900 1758 et

289 1787 338 1824 ut
358 1787 526 1836 oportet
546 1796 571 1823 a
590 1783 729 1835 capite
751 1783 907 1835 repetis
930 1784 1043 1835 quod
1066 1784 1309 1835 quaerimus
1359 1785 1410 1824 de
1431 1785 1516 1824 inv.
1540 1786 1562 1824 I
1583 1786 1649 1835 20,
1671 1787 1724 1825 28
1755 1786 1897 1826 brevis

290 1853 356 1891 est
384 1850 572 1890 narratio
593 1850 630 1890 si
651 1863 735 1889 non
761 1851 814 1890 ab
842 1850 995 1890 ultimo
1025 1851 1244 1902 repetitur.
1262 1851 1396 1892 —On
1416 1852 1504 1891 this
1524 1865 1598 1891 use
1620 1853 1667 1891 of
1695 1852 1820 1892 ‘alte'
1853 1853 1899 1892 in

291 1917 476 1967 Tacitus,
499 1930 567 1957 888
588 1922 686 1957 11018
707 1931 740 1957 0.
765 1918 818 1957 12
841 1924 894 1957 18.

428 1998 437 2015 ‘
448 1996 705 2029 Nar-rationum
717 1997 725 2013 ’
753 1996 790 2028 in
806 1996 907 2037 place
924 1995 963 2028 of
990 1999 998 2015 ‘
1010 1997 1255 2037 narrationis,'
1283 1997 1312 2029 is
1328 1997 1565 2030 necessitated
1581 1998 1630 2039 by
1646 1998 1707 2030 the
1729 2000 1901 2041 meaning

381 2051 419 2085 of
446 2052 598 2084 ‘series'
626 2052 698 2085 and
714 2053 762 2093 by
780 2052 839 2084 the
856 2052 1008 2093 stylistic
1025 2057 1226 2094 symmetry
1245 2053 1453 2085 observable
1471 2053 1508 2085 in
1525 2054 1585 2086 the
1602 2055 1861 2087 enumeration.

347 2118 401 2158 14
431 2119 664 2159 multarum
689 2119 948 2160 divisionum
973 2120 1227 2159 ostentatio:
1259 2119 1324 2159 On
1346 2119 1541 2159 ‘divisio'
1563 2133 1609 2158 or
1630 2120 1818 2171 partitio,
1842 2122 1895 2161 ef.

291 2185 418 2224 Rhet.
441 2185 495 2224 ad
524 2185 627 2224 Her.
651 2186 673 2224 I
695 2186 760 2235 10,
784 2187 808 2225 7
840 2186 1071 2226 Causarum
1101 2185 1257 2225 divisio
1287 2186 1332 2224 in
1362 2187 1465 2225 duas
1496 2191 1637 2238 partes
1668 2187 1902 2227 distributa

291 2255 369 2302 est,
391 2251 574 2303 primum
600 2256 796 2303 perorata
824 2252 1067 2291 narratione
1089 2253 1289 2292 debemus
1321 2253 1497 2304 aperire,
1521 2254 1624 2305 quid
1653 2254 1774 2294 nobis
1805 2268 1899 2294 con-

291 2318 438 2358 veniat
458 2331 552 2358 cum
573 2319 827 2359 adversariis
849 2323 892 2358 et
912 2319 949 2358 si
970 2332 1020 2358 ea
1039 2332 1146 2370 quae
1177 2320 1305 2359 utilia
1334 2320 1454 2359 nobis
1477 2324 1601 2360 erunt
1631 2322 1895 2370 convenient,

292 2385 396 2437 quid
426 2385 471 2424 in
505 2386 793 2426 controversia
827 2386 948 2425 nobis
984 2386 1262 2437 relinquatur,
1299 2387 1451 2426 deinde
1493 2388 1792 2428 distributione
1831 2390 1898 2428 uti

292 2451 521 2503 debemus;
552 2466 601 2492 ea
621 2453 828 2492 dividitur
849 2453 893 2491 in
922 2454 1025 2492 duas
1056 2458 1211 2505 partes,
1235 2454 1594 2493 enumerationem
1627 2459 1669 2494 et
1699 2456 1901 2507 expositi—

292 2531 426 2558 onem.
478 2519 846 2559 Over—elaborated
861 2519 1068 2559 divisions
1089 2520 1173 2559 and
1190 2520 1479 2559 subdivisions
1501 2534 1570 2560 are
1588 2522 1676 2560 also
1693 2524 1901 2563 censured

293 2585 338 2625 in
359 2589 506 2637 strong
525 2590 655 2626 terms
675 2587 732 2638 by
753 2587 894 2633 Quint.
919 2587 982 2627 IV
1002 2587 1027 2626 5
1068 2599 1101 2626 8.
1126 2600 1163 2637 g.
1190 2589 1208 2632 ξ
1232 2588 1285 2625 24
1308 2587 1336 2626 f.
1370 2601 1446 2627 1180
1476 2587 1686 2627 immerito
1716 2590 1899 2629 multum

293 2665 346 2692 ex
366 2652 591 2703 diligentia
610 2653 823 2705 partiendi
844 2653 947 2692 tulit
967 2653 1106 2693 laudis
1128 2654 1173 2700 Q.
1198 2654 1469 2702 Hortensius,
1492 2655 1609 2694 cuius
1631 2659 1772 2695 tamen
1794 2657 1899 2695 divi-

293 2719 454 2759 sionem
476 2719 520 2758 in
541 2720 696 2771 digitos
719 2721 933 2760 diductam
955 2733 1271 2772 nonnumquam
1293 2721 1438 2761 Cicero
1459 2721 1612 2761 leviter
1633 2723 1768 2762 eludit
1787 2727 1838 2779 (e.
1859 2738 1896 2775 g.

293 2799 369 2838 pro
401 2787 518 2827 Caec.
556 2787 621 2836 14,
649 2788 722 2839 45)
746 2818 754 2826 .
778 2818 786 2826 .
811 2817 819 2826 .
843 2787 1019 2826 vitanda
1049 2787 1198 2838 utique
1231 2788 1413 2827 maxime
1447 2788 1614 2828 concisa
1644 2790 1822 2828 nimium
1856 2795 1901 2830 et

293 2852 412 2892 velut
432 2852 661 2893 articulosa
680 2853 857 2905 partitio
879 2883 887 2893 .
911 2884 919 2892 .
945 2884 953 2892 .
986 2858 1030 2893 et
1058 2853 1184 2893 huius
1216 2854 1374 2905 gloriae
1405 2855 1560 2906 cupidi,
1583 2869 1666 2907 quo
1697 2857 1900 2896 subtilius
