2262 3224
453 173 543 215 xcii

1063 185 1438 218 PROLEGOMENA.

454 299 639 350 striking
668 299 714 338 of
740 300 860 339 these
891 299 1212 339 reminiscences
1238 301 1348 339 from
1369 314 1519 352 among
1538 301 1611 340 the
1631 314 1758 353 many
1779 301 1984 342 collected
2002 301 2049 342 in

454 365 527 405 the
546 364 730 405 Notes¹⁸¹
750 379 847 417 may
867 366 967 405 here
986 366 1037 405 be
1058 367 1328 405 enumerated
1347 367 1403 418 by
1423 379 1515 418 way
1537 367 1583 406 of
1602 367 1862 407 illustration
1880 384 1888 408 :

454 474 485 499 0.
508 466 527 497 5
548 471 582 497 20
602 465 638 498 ff.
668 466 752 507 quid
781 468 834 498 est
861 466 975 498 tutius
1002 475 1109 507 quam
1137 475 1215 498 eam

499 530 662 553 exercere
682 524 796 553 artem
816 530 886 562 qua
903 530 1043 561 semper
1058 525 1217 554 armatus
1250 523 1256 527 '

497 576 714 617 praesidium
754 576 887 616 amicis,
930 585 1034 617 opem
1077 576 1213 616 alienis,

497 631 648 664 salutem
672 632 967 672 periclitantibus,
987 632 1117 664 invidis
1132 641 1216 664 vero

497 690 534 719 et
556 687 710 719 inimicis
733 691 869 719 metum
887 712 894 720 .
916 711 924 719 .
946 712 953 720 .
973 687 1068 719 ultro
1093 687 1215 720 feras?

498 743 572 783 ipse
595 752 740 775 securus
763 746 799 775 et
815 767 822 775 .
845 767 852 775 .
875 768 882 775 .
902 746 1080 783 potestate
1101 743 1217 775 muni-

497 801 556 830 tus
580 822 587 830 .
610 822 617 830 .
639 822 647 830 .
675 798 879 838 eloquentia
904 822 911 830 .
933 822 940 830 .
965 823 972 831 .
998 799 1216 839 praesidium

497 853 602 885 simul
645 863 685 885 ac
728 853 839 885 telum
883 863 952 894 quo
992 862 1216 895 propugnare

498 908 632 949 pariter
655 912 690 940 et
714 908 887 940 incessere
905 934 912 941 .
935 934 941 941 .
964 933 971 941 .
992 909 1104 949 possis

454 1006 483 1030 e.
504 997 524 1028 6
542 1003 573 1028 15
589 996 624 1028 ff.
649 997 743 1038 quod
767 997 856 1029 illud
878 997 1048 1038 gaudium
1073 1007 1217 1029 consur-

498 1052 605 1093 gendi
636 1052 901 1093 adsistendique
932 1053 1026 1084 inter
1058 1056 1217 1085 tacentes

498 1110 534 1139 et
550 1108 587 1139 in
603 1117 716 1139 unum
733 1117 920 1140 conversos
937 1133 944 1140 .
967 1133 974 1140 .
997 1133 1004 1140 .
1021 1108 1094 1140 sive
1110 1108 1217 1140 adcu-

498 1166 613 1195 ratam
638 1163 918 1204 meditatamque
934 1163 1071 1204 profert
1088 1164 1217 1196 oratio-

498 1227 592 1258 nem,
642 1222 695 1250 est
741 1219 920 1260 quoddam
968 1219 1061 1251 sicut
1107 1219 1217 1260 ipsius

498 1273 664 1305 dictionis
688 1274 738 1306 ita
761 1274 881 1315 gaudii
904 1275 1045 1315 pondus
1075 1280 1107 1305 16
1123 1274 1216 1306 coire

498 1328 670 1369 populum
692 1352 700 1361 .
723 1353 729 1360 .
752 1353 759 1360 .
780 1333 816 1360 et
844 1329 1002 1369 accipere
1034 1328 1215 1361 adfectum

499 1392 748 1425 quemcunque
772 1386 892 1415 orator
915 1383 1071 1415 induerit

453 1758 484 1782 e.
510 1749 552 1781 18
573 1755 606 1781 1³
635 1758 709 1781 non
741 1758 816 1781 esse
846 1758 959 1781 unum
991 1748 1214 1790 eloquentiae

497 1804 636 1837 vultum
652 1804 714 1836 sed
731 1804 768 1835 in
785 1804 854 1836 illis
869 1813 1008 1844 quoque
1022 1828 1029 1835 .
1048 1829 1055 1836 .
1075 1829 1081 1836 .
1096 1804 1215 1844 plures

497 1859 631 1900 species
661 1859 879 1899 deprehendi
910 1868 975 1891 nec
1006 1859 1127 1891 statim
1155 1859 1215 1890 de-

497 1915 607 1947 terius
633 1924 708 1946 esse
736 1914 831 1955 quod
858 1915 1037 1946 diversum
1065 1917 1119 1946 est
1143 1914 1214 1946 and

497 1979 526 2002 c.
546 1970 590 2001 25
605 1976 680 2003 9-17.

425 2105 429 2107 ‘
452 2067 482 2091 c.
496 2060 538 2090 22
551 2064 584 2089 22
600 2058 723 2099 procul
740 2045 930 2091 arceantur
940 2083 947 2090 .
964 2082 971 2090 .
988 2082 994 2090 .
1011 2058 1215 2090 oblitterata

497 2118 532 2145 et
548 2114 719 2154 obsoleta;
736 2113 875 2145 nullum
891 2113 937 2145 sit
952 2113 1100 2144 verbum
1116 2112 1214 2144 velut

496 2169 658 2210 rubigine
676 2169 849 2200 infectum

453 2321 482 2345 c.
502 2312 545 2344 23
562 2318 591 2343 11
616 2322 703 2353 quos
723 2321 822 2343 more
844 2312 992 2352 antiquo
1012 2311 1107 2352 apud
1123 2311 1214 2343 iudi-

497 2376 573 2399 cem
607 2367 808 2399 fabulantes
844 2376 917 2398 non
948 2366 1127 2398 auditores
1161 2375 1214 2398 se-

497 2426 666 2463 quuntur,
708 2432 780 2453 non
818 2421 969 2462 populus
1008 2421 1118 2460 audit,
1152 2421 1214 2452 vix

496 2477 649 2517 denique
673 2477 830 2517 litigator
853 2477 1051 2517 perpetitur

452 2574 481 2597 c.
498 2565 540 2596 30
555 2571 588 2596 24
604 2566 655 2597 ita
670 2568 723 2596 est
740 2590 747 2598 .
769 2589 776 2597 .
799 2590 805 2597 .
824 2574 868 2596 ex
883 2565 997 2596 multa
1013 2564 1212 2596 eruditione

497 2623 533 2652 et
547 2620 709 2660 plurimis
725 2621 860 2651 artibus
873 2624 908 2651 et
921 2620 1080 2651 omnium
1093 2629 1212 2651 rerum

495 2675 644 2707 scientia
660 2675 819 2706 exundat
834 2678 870 2706 et
886 2675 1058 2706 exuberat
1076 2674 1136 2706 illa
1152 2675 1213 2706 ad-

496 2730 669 2762 mirabilis
693 2730 894 2769 eloquentia

1284 466 1328 499 de
1345 470 1433 499 orat.
1451 468 1468 499 Ι
1484 467 1516 507 8,
1530 467 1571 499 32
1590 467 1675 508 quid
1691 470 1765 500 tam
1778 477 1884 508 porro
1897 468 2046 510 regium,

1328 525 1403 555 tam
1427 522 1583 562 liberale,
1605 525 1680 554 tam
1705 522 1915 555 munificum
1940 532 2048 564 quam

1329 586 1431 618 opem
1478 577 1570 609 ferre
1617 577 1846 618 supplicibus,
1893 579 2048 612 excitare

1329 632 1489 672 afflictos,
1505 633 1590 665 dare
1608 633 1770 674 salutem,
1792 633 1942 667 liberare
1957 636 2052 677 peri·

1328 688 1417 720 culis
1439 713 1446 720 .
1473 713 1480 720 .
1506 713 1513 720 .
1540 689 1625 730 quid
1662 694 1782 722 autem
1818 694 1894 723 tam
1929 700 2049 724 neces-

1327 743 1461 776 sarium
1485 754 1592 785 quam
1619 749 1740 778 tenere
1767 755 1908 787 semper
1933 756 2046 788 arma,

1329 799 1457 839 quibus
1472 799 1527 831 vel
1544 803 1659 833 tectus
1678 801 1752 842 ipse
1775 811 1850 834 esse
1865 802 1978 843 possis
1993 801 2048 834 vel

1327 863 1520 895 provocare
1559 855 1739 896 improbos
1769 856 1826 888 vel
1856 860 1892 889 te
1926 857 2050 890 ulcisci

1327 908 1539 942 lacessitus?

1284 997 1328 1029 de
1345 1001 1432 1030 orat.
1454 998 1471 1030 I
1489 998 1522 1038 8,
1537 998 1578 1030 31
1603 999 1688 1039 quid
1711 1000 1806 1032 enim
1826 1004 1879 1032 est
1894 1004 1958 1033 aut
1973 1004 2048 1034 tam

1328 1053 1537 1085 admirabile
1563 1063 1670 1094 quam
1696 1063 1742 1086 ex
1765 1054 1907 1088 infinita
1929 1055 2044 1088 multi·

1328 1098 1453 1140 tudine
1480 1109 1631 1141 existere
1661 1119 1775 1141 unum
1793 1135 1800 1142 .
1823 1135 1831 1143 .
1852 1136 1859 1143 .
1880 1113 1943 1143 aut
1972 1114 2047 1144 tam

1329 1163 1525 1196 iucundum
1572 1165 1717 1205 cognitu
1769 1169 1875 1206 atque
1923 1166 2051 1199 auditu

1329 1228 1436 1259 quam
1466 1219 1686 1260 sapientibus
1719 1221 1905 1253 sententiis
1934 1221 2049 1263 gravi-

1328 1274 1463 1314 busque
1491 1275 1607 1307 verbis
1635 1279 1763 1308 ornata
1789 1276 1904 1308 oratio
1928 1281 1964 1309 et
1987 1286 2052 1318 po-

1327 1329 1419 1361 lita?
1477 1330 1531 1370 25,
1561 1330 1623 1361 116
1660 1340 1830 1371 magnum
1868 1331 2049 1372 quoddam

1328 1387 1382 1416 est
1398 1409 1405 1416 .
1427 1409 1434 1417 .
1457 1410 1464 1417 .
1485 1394 1615 1417 munus
1637 1386 1815 1426 suscipere
1837 1390 1943 1428 atque
1966 1396 2049 1428 pro—

1326 1439 1420 1472 fiteri
1450 1449 1487 1472 se
1519 1440 1684 1472 omnibus
1716 1442 1902 1474 silentibus
1932 1451 2045 1474 unum

1326 1495 1493 1527 maximis
1523 1495 1567 1527 de
1595 1496 1711 1536 rebus,
1740 1506 1872 1538 magno
1899 1497 1936 1529 in
1963 1506 2049 1530 con-

1326 1553 1437 1582 ventu
1459 1550 1645 1582 hominum
1671 1552 1890 1584 audiendum
1930 1553 1983 1593 19,
2002 1552 2044 1586 87

1325 1605 1380 1637 uti
1403 1606 1435 1637 ei
1459 1606 1520 1646 qui
1544 1607 1710 1638 audirent
1733 1607 1783 1639 sic
1808 1607 2049 1640 adficerentur

1326 1660 1456 1692 animis
1471 1664 1512 1692 ut
1528 1670 1587 1693 eos
1603 1661 1709 1693 adfici
1727 1662 1832 1694 vellet
1849 1667 1978 1696 orator.

1282 1749 1382 1780 Brut.
1404 1749 1457 1788 56,
1477 1749 1542 1781 204
1568 1754 1674 1790 atque
1701 1750 1738 1782 in
1763 1750 1819 1782 his
1845 1751 2048 1784 oratoribus

1326 1803 1414 1835 illud
1449 1805 1807 1843 animadvertendum
1845 1809 1909 1846 est,
1942 1815 2044 1847 posse

1326 1868 1400 1890 esse
1423 1868 1591 1900 summos,
1612 1860 1672 1900 qui
1696 1861 1791 1893 inter
1812 1870 1850 1893 se
1870 1865 1955 1893 sunt
1975 1862 2046 1894 dis-

1325 1914 1466 1946 similes.
1507 1915 1551 1946 de
1569 1918 1656 1947 orat.
1674 1916 1711 1947 11
1726 1916 1780 1955 23,
1795 1916 1837 1948 94
1869 1917 1925 1948 111
1941 1917 1972 1956 7,
1985 1917 2040 1948 25.

1281 2058 1325 2090 de
1343 2061 1430 2090 orat.
1452 2058 1507 2090 III
1525 2059 1577 2098 10,
1593 2058 1636 2090 39
1659 2067 1774 2099 neque
1798 2062 1920 2091 tamen
1940 2063 2046 2092 uten-

1325 2113 1411 2144 dum
1435 2113 1552 2145 verbis
1576 2113 1628 2153 iis,
1649 2113 1777 2154 quibus
1801 2114 1872 2146 iam
1896 2123 2045 2147 consue-

1325 2168 1412 2199 tudo
1443 2177 1516 2200 non
1546 2168 1661 2200 utitur
1673 2180 1681 2209 ;
1720 2169 1783 2200 sed
1817 2170 1958 2202 usitatis
1992 2170 2045 2202 ita

1324 2223 1456 2263 poterit
1478 2223 1543 2262 uti,
1563 2223 1763 2255 lectissimis
1785 2227 1827 2256 ut
1849 2228 1973 2256 utatur

1280 2311 1380 2342 Brut.
1402 2311 1456 2350 84,
1475 2311 1541 2342 289
1573 2321 1653 2343 cum
1686 2311 1743 2343 isti
1775 2312 1900 2343 dicunt
1928 2313 2042 2344 Attici

1324 2375 1397 2397 non
1424 2366 1531 2397 modo
1558 2375 1580 2398 a
1607 2375 1738 2398 corona
1755 2390 1762 2397 .
1785 2390 1792 2397 .
1814 2390 1822 2398 .
1842 2366 1904 2398 sed
1932 2367 2041 2399 etiam

1325 2421 1371 2453 ab
1394 2421 1575 2453 advocatis
1597 2421 1850 2462 relinquuntur

1280 2564 1324 2596 de
1341 2567 1428 2596 orat.
1450 2564 1467 2595 1
1485 2564 1517 2603 6,
1533 2564 1576 2595 20
1598 2573 1703 2595 nemo
1724 2564 1856 2604 poterit
1872 2573 1946 2596 esse
1963 2574 2041 2597 ora-

1324 2622 1391 2658 tor,
1410 2619 1479 2650 nisi
1495 2618 1562 2650 erit
1578 2619 1737 2650 omnium
1754 2628 1873 2651 rerum
1895 2629 2041 2660 magna-

1324 2683 1402 2705 rum
1420 2674 1604 2705 scientiam
1621 2678 1840 2706 consecutus.
1880 2675 1928 2706 Et
1943 2675 2039 2706 enim

1324 2738 1369 2760 ex
1395 2738 1513 2760 rerum
1545 2729 1746 2770 cognitione
1777 2729 1973 2762 efflorescat
2003 2733 2041 2761 et

1323 2784 1499 2815 redundet
1514 2787 1654 2824 oportet
1670 2784 1783 2816 oratio

512 2863 553 2884 1⁸1
571 2863 634 2895 See
651 2862 724 2894 also
743 2862 886 2893 Kleiber
900 2871 958 2901 pp.
970 2861 1079 2892 24-33
1096 2861 1167 2893 and
1184 2862 1243 2893 the
1259 2870 1423 2901 passages
1439 2860 1586 2892 marked
1599 2861 1685 2892 with
1702 2870 1746 2892 an
1763 2862 1784 2883 *
1801 2861 1837 2892 in
1853 2861 1913 2892 the
1930 2861 2040 2893 index

452 2917 611 2950 locorum
631 2927 656 2948 s.
674 2926 705 2949 v.
727 2917 859 2948 Cicero.
