2262 3224
492 202 575 243 xlii
954 214 956 216 ·
1105 211 1480 244 PROLEGOMENA.

492 329 565 367 the
600 327 889 379 proletariat‚⁷⁹
922 341 975 366 on
1009 328 1081 366 the
1120 327 1302 366 irksome
1342 326 1553 377 necessity
1587 325 1634 365 of
1671 325 1975 375 remembering
2007 324 2080 364 the

494 407 684 445 emperor
713 394 759 433 in
787 392 942 443 wills‚⁸⁰
970 394 1118 445 legacy
1147 391 1506 443 hu11ting,⁸¹—a11
1536 392 1703 443 display
1731 391 1804 430 the
1833 395 1926 430 true
1947 390 2082 429 ‘color

493 461 716 509 Taciteus‚'
738 474 782 499 as
804 460 1032 499 evidenced
1053 461 1107 511 by
1127 459 1304 510 parallel
1325 471 1522 510 passages
1544 458 1589 496 in
1609 458 1675 496 his
1696 457 1845 496 works.

550 528 603 565 In
618 527 684 566 his
701 527 916 576 fondness,
934 526 1093 578 finally,
1111 526 1177 564 for
1193 525 1483 577 crystallising
1502 524 1816 576 psychological
1831 524 1913 562 and
1929 522 2084 562 ethical

493 593 730 632 reflections
760 606 806 632 or
836 592 1005 643 general
1031 592 1172 631 truths
1197 592 1241 630 in
1268 592 1442 643 pointed
1462 591 1648 642 epigram
1668 591 1752 630 and
1771 589 2084 629 well-balanced

493 660 740 708 antitheses,
762 660 834 698 the
865 659 1015 698 author
1040 659 1086 697 of
1114 659 1186 697 the
1216 658 1419 708 Dialogus
1449 658 1742 696 reveals—-ex
1761 669 1899 707 ungue
1919 656 2084 695 leonem

492 727 633 764 —the
653 726 762 764 keen
781 725 968 776 analytic
990 725 1186 763 observer
1213 737 1257 763 so
1284 724 1381 763 well
1409 723 1563 762 known
1591 727 1636 762 to
1664 735 1714 762 us
1744 723 1853 762 from
1882 722 1955 761 the
1985 721 2084 761 His-

494 792 623 831 tories
645 792 728 831 and
747 792 819 830 the
841 791 1052 830 Annals.⁸²
1269 796 1276 800 “

1023 922 1079 978 (c)
1121 923 1315 972 Literary
1349 922 1563 960 criticism.

552 1024 640 1062 The
661 1023 864 1073 Dialogus
884 1035 970 1061 was
993 1021 1165 1060 written
1193 1021 1250 1072 by
1270 1033 1295 1060 a
1323 1033 1421 1059 man
1450 1020 1661 1071 equipped
1688 1019 1794 1058 with
1823 1032 1848 1059 a
1875 1018 2086 1069 thorough

495 1089 722 1128 rhetorical
755 1088 955 1138 training,
992 1088 1075 1126 and
1113 1087 1336 1138 possessed
1370 1086 1415 1125 of
1450 1099 1474 1125 a
1507 1086 1615 1124 wide
1649 1085 1895 1135 knowledge
1930 1085 1976 1124 of
2012 1085 2085 1124 the

495 1155 830 1195 characteristics
852 1154 898 1192 of
917 1155 1081 1192 Roman
1101 1153 1326 1203 eloquence
1348 1153 1431 1191 and
1451 1152 1506 1190 its
1528 1151 1700 1204 history.
1761 1151 1805 1189 If
1834 1164 1891 1200 so,
1917 1163 1994 1190 can
2023 1163 2085 1190 we

497 1225 631 1261 assert
664 1221 772 1259 with
804 1221 1041 1260 confidence
1075 1220 1170 1258 that
1203 1220 1276 1258 the
1310 1218 1519 1257 historian
1554 1218 1723 1256 Tacitus
1758 1230 1843 1256 was
1878 1217 2086 1268 similarly

497 1288 698 1339 qualified
716 1287 773 1338 by
792 1286 960 1325 natural
981 1287 1246 1325 endowment
1266 1285 1349 1324 and
1370 1284 1560 1334 training
1587 1287 1632 1322 to
1663 1283 1782 1322 write
1811 1283 1883 1322 the
1912 1283 2086 1336 treatise

496 1354 636 1393 which
655 1354 731 1392 has
752 1365 865 1392 come
887 1353 1010 1391 down
1028 1353 1162 1391 under
1181 1351 1248 1389 his
1269 1363 1390 1390 name
1411 1351 1494 1389 and
1513 1350 1652 1388 which
1675 1349 1898 1388 otherwise
1922 1348 2086 1388 reflects

557 1464 584 1486 ⁷⁹
601 1474 629 1497 c.
652 1465 693 1496 19
710 1471 736 1496 9.
1161 1462 1188 1483 ⁸⁰
1205 1471 1234 1494 c.
1257 1461 1297 1493 13
1322 1464 1392 1493 ext.
1837 1459 1865 1481 ⁸1
1881 1469 1910 1492 c.
1929 1459 1950 1491 6
1968 1465 1994 1492 6.

557 1520 585 1541 82
602 1529 630 1551 e.
644 1529 674 1560 g.
697 1529 725 1551 c.
748 1519 764 1550 1
784 1525 801 1551 8
816 1518 852 1550 ff.
880 1521 921 1550 ut
944 1521 1007 1550 aut
1030 1517 1074 1549 de
1099 1517 1250 1558 ingeniis
1273 1516 1366 1548 male
1391 1515 1668 1547 existimandum
1684 1515 1741 1554 sit,
1768 1515 1799 1546 si
1822 1514 1916 1546 idem
1941 1514 2089 1556 adsequi

498 1585 572 1607 non
587 1575 783 1616 'possumus
808 1577 870 1606 aut
895 1574 938 1605 de
964 1573 1113 1612 iudiciis,
1140 1572 1171 1604 si
1195 1572 1362 1604 nolumus
1396 1572 1416 1603 8
1440 1577 1472 1604 27
1496 1571 1641 1602 divitiae
1667 1573 1704 1602 et
1728 1579 1812 1610 opes
1835 1578 1924 1610 quas
1949 1569 2090 1601 facilius

499 1630 659 1662 invenies
682 1630 743 1670 qui
765 1629 944 1669 vituperet
968 1638 1074 1669 quam
1099 1628 1159 1668 qui
1182 1628 1344 1660 fastidiat
1384 1627 1425 1659 10
1442 1633 1459 1658 3
1482 1626 1678 1658 mediocres
1700 1628 1824 1666 poetas
1846 1633 1953 1657 nemo
1975 1625 2087 1665 novit,
2148 1650 2151 1656 .

499 1687 613 1719 bonos
628 1685 734 1726 pauci
766 1686 805 1716 12
824 1690 856 1715 12
879 1693 1027 1716 aureum
1050 1683 1232 1715 saeculum
1257 1686 1292 1714 et
1316 1686 1498 1714 oratorum
1522 1685 1558 1713 et
1582 1681 1772 1713 criminum
1791 1680 1905 1721 inops,
1925 1680 2040 1722 poetis
2055 1683 2092 1712 et

499 1742 641 1774 vatibus
665 1740 872 1773 abundabat
896 1740 956 1780 qui
979 1740 1069 1771 bene
1093 1739 1191 1771 facta
1215 1741 1384 1770 canerent
1404 1747 1478 1769 non
1500 1737 1561 1778 qui
1576 1736 1668 1768 male
1686 1736 1840 1768 admissa
1857 1736 2092 1768 defenderent

502 1797 542 1829 13
559 1803 591 1828 15
607 1806 672 1828 nec
690 1795 949 1837 imperantibus
964 1804 1135 1834 umquam
1151 1794 1237 1826 satis
1253 1794 1346 1825 servi
1361 1793 1529 1825 videntur
1544 1801 1609 1824 nec
1631 1792 1734 1824 nobis
1757 1792 1844 1824 satis
1868 1791 1971 1824 liberi
2003 1791 2044 1823 18
2059 1796 2092 1823 15

500 1861 566 1884 nec
589 1852 711 1884 statim
735 1851 891 1883 deterius
915 1859 989 1882 esse
1013 1850 1108 1890 quod
1132 1849 1312 1881 diversum
1337 1851 1401 1888 est,
1421 1848 1507 1880 vitio
1527 1851 1647 1880 autem
1664 1847 1898 1888 malignitatis
1912 1847 2092 1879 humanae

500 1911 622 1939 vetera
637 1916 776 1947 semper
792 1907 829 1938 in
845 1906 962 1946 laude,
981 1905 1183 1946 praesentia
1200 1905 1237 1936 in
1253 1904 1397 1936 fastidio
1414 1913 1489 1935 esse
1508 1906 1578 1944 (see
1601 1903 1698 1934 Ann.
1720 1903 1757 1934 ΙΙ
1776 1903 1818 1934 88
1835 1902 1929 1934 cited
1945 1902 1992 1935 ad
2006 1901 2091 1946 loc.)

500 1964 547 1995 21«
567 1969 600 1994 28
622 1972 696 1994 non
721 1962 845 1993 melius
869 1971 976 2002 quam
1003 1961 1126 1993 Cicero
1151 1960 1214 1992 sed
1239 1960 1377 1991 felicius
1401 1959 1484 2000 quia
1512 1958 1590 1990 illos
1614 1958 1739 1990 fecisse
1765 1957 1950 1998 pauciores
1975 1957 2094 1990 sciunt

501 2019 543 2050 23
560 2024 592 2050 17
616 2027 726 2058 prope
751 2018 851 2049 abest
875 2017 920 2048 ab
942 2015 1162 2055 infirmitate,
1189 2015 1227 2046 in
1253 2024 1323 2055 qua
1349 2014 1425 2046 sola
1451 2014 1587 2046 sanitas
1611 2013 1780 2045 laudatur
1818 2012 1860 2044 26
1878 2018 1910 2044 13
1935 2015 2094 2045 oratores

500 2073 615 2105 nostri
641 2076 763 2105 tenere
790 2072 918 2111 dicere,
945 2071 1135 2102 histriones
1162 2070 1294 2102 diserte
1324 2070 1454 2102 saltare
1486 2069 1653 2101 dicantur
1690 2068 1731 2100 27
1757 2073 1788 2099 11
1815 2070 1916 2101 utere
1945 2067 2094 2108 antiqua

501 2129 676 2168 libertate,
706 2137 727 2160 a
755 2137 825 2167 qua
852 2126 908 2158 vel
935 2126 1047 2166 magis
1075 2125 1367 2166 degeneravimus
1393 2134 1499 2165 quam
1526 2124 1571 2156 ab
1599 2123 1802 2164 eloquentia
1829 2122 1900 2164 (see
1926 2123 1967 2155 G.
1988 2122 2032 2154 45
2056 2122 2094 2154 in

501 2187 643 2216 tantum
660 2193 733 2214 non
749 2182 856 2214 modo
873 2191 894 2213 a
910 2181 1074 2213 libertate
1090 2181 1151 2213 sed
1169 2181 1277 2213 etiam
1294 2190 1315 2212 a
1330 2180 1500 2212 servitute
1517 2180 1746 2220 degenerant)
1777 2178 1821 2210 29
1837 2183 1870 2209 18
1886 2187 2006 2210 coram
2024 2186 2095 2219 qua

501 2248 616 2279 neque
641 2238 757 2270 dicere
781 2237 836 2269 fas
859 2240 936 2269 erat
959 2236 1054 2277 quod
1078 2240 1181 2276 turpe
1206 2236 1315 2275 dictu,
1338 2244 1453 2275 neque
1477 2235 1594 2267 facere
1619 2234 1715 2275 quod
1739 2233 1968 2265 inhonestum
1993 2232 2095 2265 factu

501 2294 683 2326 videretur
722 2293 763 2324 32
781 2298 798 2323 2
822 2292 926 2324 aliter
952 2292 1089 2323 utimur
1115 2291 1278 2331 propriis,
1308 2290 1411 2322 aliter
1442 2289 1688 2328 commodatis,
1716 2288 1891 2329 longeque
1924 2287 2095 2319 interesse

502 2349 734 2381 manifestum
762 2351 815 2379 est
839 2347 1019 2387 possideat
1046 2347 1124 2387 quis
1151 2355 1241 2386 quae
1267 2345 1404 2386 profert
1429 2355 1475 2377 an
1499 2348 1684 2376 mutuetur
1722 2344 1764 2375 33
1788 2349 1821 2374 20
1845 2343 1995 2375 eandem
2019 2351 2095 2374 esse

502 2405 678 2436 rationem
703 2406 739 2434 et
760 2403 979 2443 percipiendi
1003 2411 1093 2442 quae
1116 2401 1277 2442 proferas
1293 2404 1328 2432 et
1343 2400 1550 2441 proferendi
1566 2409 1657 2440 quae
1673 2398 1872 2440 perceperis
1903 2398 1944 2430 37
1963 2401 2033 2430 ext.
2053 2401 2096 2430 ut

503 2469 628 2491 secura
650 2458 772 2498 velint,
791 2458 989 2498 periculosa
1013 2457 1188 2489 extollant
1226 2456 1269 2488 40
1293 2460 1363 2488 ext.
1383 2465 1448 2487 nec
1472 2455 1566 2487 tanti
1589 2455 1640 2486 rei
1663 2454 1826 2495 publicae
1852 2453 2094 2486 Gracchorum

503 2514 707 2555 eloquentia
723 2514 803 2553 fuit,
823 2516 864 2545 ut
886 2516 1070 2554 pateretur
1093 2516 1129 2544 et
1151 2512 1246 2552 leges
1269 2520 1334 2543 nec
1358 2511 1448 2542 bene
1472 2510 1608 2542 famam
1633 2509 1856 2550 eloquentiae
1882 2508 2006 2541 Cicero
2030 2507 2096 2540 tali

504 2570 604 2602 exitu
619 2569 782 2610 pensavit
812 2569 853 2600 41
873 2575 889 2600 8
912 2577 1152 2608 supervacuus
1166 2562 1259 2598 'esset
1275 2566 1369 2597 inter
1385 2566 1593 2597 innocentes
1615 2567 1735 2596 orator
1758 2564 1850 2596 sicut
1873 2564 1967 2595 inter
1989 2572 2096 2595 sanos

503 2625 673 2657 medicus.
691 2624 763 2656 and
779 2624 819 2656 37
837 2629 933 2655 21.32.
985 2623 1046 2663 Cp.
1068 2622 1142 2654 also
1165 2621 1551 2661 Hosman-Peerllcamp
1574 2630 1607 2661 p.
1630 2620 1693 2651 100
1714 2619 1946 2660 ‘Saepissime
1971 2621 2096 2650 auctor

504 2680 636 2721 dialogi
660 2680 710 2711 ita
737 2679 860 2711 scribit
886 2682 928 2710 ut
954 2682 1095 2719 praeter
1118 2678 1282 2709 Tacitum
1308 2686 1414 2708 nemo
1442 2685 1613 2716 umquam
1637 2675 1776 2715 scripsit
1795 2700 1801 2708 .
1825 2699 1832 2706 .
1854 2698 1861 2706 .
1882 2683 1966 2706 nam
1991 2673 2096 2705 sicuti

505 2735 610 2767 multi
625 2735 788 2766 homines
803 2735 869 2766 hoc
886 2734 1030 2773 habent,
1046 2736 1087 2764 ut
1103 2742 1148 2764 ex
1164 2733 1303 2764 incessu
1319 2735 1490 2772 motuque
1507 2731 1664 2771 corporis
1681 2730 1820 2761 eminus
1835 2732 2096 2771 cognoscantur

506 2791 684 2830 iidemque
701 2790 811 2822 alium
828 2789 1004 2821 incessum
1021 2791 1229 2828 motumque
1246 2787 1379 2828 fingere
1398 2797 1438 2819 ac
1460 2786 1628 2818 simulare
1651 2788 1825 2826 perpetuo
1848 2794 1921 2816 non
1944 2784 2092 2825 possint,

506 2847 557 2878 ita
581 2846 745 2877 Tacitum
769 2854 834 2876 sua
858 2854 915 2876 ars
939 2848 974 2875 et
996 2844 1089 2875 ratio
1113 2843 1199 2875 satis
1222 2842 1453 2874 manifestum
1472 2841 1684 2873 ostendunt:
1709 2843 1840 2872 natura
1855 2839 1949 2871 illius
1963 2838 2094 2879 ubique

507 2901 658 2933 recurrit
675 2905 710 2931 et
727 2900 828 2940 quasi
843 2899 999 2938 flamma,
1019 2902 1060 2930 ut
1077 2899 1126 2930 ait
1142 2902 1258 2938 poeta,
1275 2898 1406 2929 indicio
1421 2897 1585 2937 proditur
1601 2897 1676 2936 ipsa
1692 2896 1782 2927 suo.'
