2262 3224
1105 223 1226 258 o.3L
1880 213 1967 255 303

364 339 543 379 dicendo
562 339 741 379 Platone
756 341 777 379 ?
835 340 981 379 Iovem
1002 340 1075 390 sic,
1098 340 1219 380 aiunt
1239 339 1497 392 philosophi,
1520 339 1557 379 si
1579 341 1736 380 Graece
1758 339 1969 391 loquatur,

364 406 482 458 loqui
515 409 589 462 (=
604 406 779 458 Dionys.
812 407 875 446 De
906 407 1024 446 Dem.
1058 407 1111 446 23
1160 407 1273 446 Plut.
1307 406 1391 447 Cic.
1425 407 1497 458 24)
1531 406 1645 445 Orat.
1676 407 1741 456 19,
1764 407 1816 446 62
1846 406 1970 458 longe

364 473 564 523 omnium,
587 473 840 525 quicumque
862 474 1123 526 scripserunt
1144 478 1217 514 aut
1236 473 1368 513 locuti
1391 478 1490 513 sunt
1510 474 1678 513 exstitit
1699 478 1741 513 et
1762 474 1970 525 gravitate

365 543 408 579 et
429 540 639 597 suavitate
660 541 857 593 princeps
901 543 998 580 Tus.
1017 542 1137 592 Disp.
1156 542 1179 580 Ι
1199 542 1265 592 32,
1288 544 1313 582 7
1316 543 1341 582 9
1387 541 1527 587 Quint.
1546 542 1588 580 X
1603 542 1640 590 1,
1657 542 1709 580 81
1732 541 1834 588 Quis
1856 542 1973 581 dubi-

364 610 428 647 tet
448 607 670 647 Platonem
690 621 781 647 esse
813 609 1086 660 praecipuum
1117 639 1125 648 .
1150 639 1158 647 .
1182 639 1190 647 .
1223 608 1449 660 eloquendi
1481 608 1685 647 facultate
1710 608 1856 647 divina
1876 622 1973 660 qua-

364 674 462 713 dam
497 678 541 714 et
575 674 840 714 Homerica?
880 675 1063 714 multum
1102 675 1215 714 enim
1255 688 1384 727 supra
1422 688 1591 727 prosam
1632 675 1864 714 orationem
1896 706 1904 714 .
1929 706 1936 714 .
1961 706 1969 714 .

365 740 514 792 surgit,
535 745 584 780 ut
604 741 711 780 mihi
731 755 815 780 non
836 742 1021 780 hominis
1044 742 1213 793 ingenio
1239 743 1312 781 sed
1344 742 1526 793 quodam
1556 742 1755 793 Delphici
1776 742 1972 781 videatur

366 807 535 847 oraculo
556 808 625 847 dei
645 808 874 847 instinctus
924 809 1034 848 Plin.
1058 810 1135 860 Ep.
1159 806 1182 847 Ι
1203 809 1268 858 10,
1290 809 1315 848 5
1346 809 1613 848 Platonicam
1640 809 1759 848 illam
1785 809 1973 848 sublimi-

364 877 509 913 tatem.
569 874 745 927 Dionys.
767 875 795 914 1.
814 888 846 914 C.
870 879 968 917 τινὲς
994 875 1142 921 ἀξιοῦσι
1167 877 1317 916 πάντων
1343 878 1459 916 αὐτὸν
1488 877 1709 926 ἀποφαίνειν
1738 875 1975 926 φιλοσόφων

364 958 408 981 τε
427 942 487 980 καὶ
507 941 682 994 ῥητόρων
702 945 926 994 ἑρμηνεῦσαι
947 944 996 982 τὰ
1015 945 1220 995 πράγματα
1249 943 1543 993 δαιμονιώτατον
1599 944 1696 994 Περὶ
1717 942 1836 994 ὕψους
1858 944 1923 992 13,
1947 943 1969 983 1

365 1010 388 1048 ὃ
407 1010 575 1048 Πλάτων
591 1041 599 1049 .
624 1038 632 1046 .
658 1039 666 1047 .
684 1012 845 1062 τοιούτῳ
863 1010 936 1049 τινὶ
958 1012 1116 1063 χεύματι
1138 1010 1311 1061 ἀψοφητὶ
1331 1010 1436 1060 ῥέων,
1455 1010 1562 1049 οὐδὲν
1580 1009 1699 1060 ἦττον
1717 1011 1970 1063 μεγεθύνεται.

362 1075 665 1126 —Xenophon
690 1076 1024 1116 iucunditatem:
1063 1076 1127 1116 Cf.
1161 1076 1244 1116 Cic.
1278 1076 1393 1116 Orat.
1427 1077 1464 1125 9,
1494 1077 1547 1115 32
1583 1076 1701 1115 cuius
1737 1089 1873 1115 sermo
1909 1081 1973 1116 est

366 1141 439 1181 1116
479 1142 650 1193 quidem
690 1143 814 1182 melle
855 1143 1019 1182 dulcior
1068 1143 1133 1192 19,
1157 1143 1210 1182 62
1245 1143 1298 1182 X.
1332 1156 1433 1182 voce
1470 1144 1615 1182 Musas
1652 1143 1773 1194 quasi
1810 1143 1972 1183 locutas

365 1208 512 1248 ferunt
549 1212 620 1264 (=
635 1209 775 1255 Quint.
802 1211 844 1249 X
872 1210 910 1259 1,
939 1210 1011 1262 33)
1062 1210 1181 1248 Brut.
1210 1210 1276 1259 35,
1300 1210 1381 1249 132
1421 1210 1541 1248 molli
1581 1214 1623 1248 et
1662 1211 1974 1262 Xenophonteo

366 1288 516 1326 genere
537 1277 742 1315 sermonis
792 1277 843 1316 de
865 1281 968 1316 orat.
992 1277 1039 1315 ΙΙ
1062 1277 1128 1326 14,
1151 1277 1204 1316 58
1233 1276 1340 1315 with
1360 1276 1561 1316 Wilkins'
1583 1281 1692 1316 note.
1740 1277 1831 1318 Val.
1857 1279 1971 1317 MaX.

365 1343 405 1383 V
425 1343 477 1382 10
509 1347 592 1382 ext.
636 1343 779 1390 Quint.
801 1345 844 1383 X
865 1344 902 1393 1,
925 1345 978 1383 82
1009 1343 1113 1395 quid
1142 1356 1219 1394 ego
1249 1356 1568 1383 commemorem
1599 1345 1651 1383 X.
1677 1344 1975 1383 iucunditatem

365 1409 486 1449 illam
506 1409 811 1450 inadfectatam
841 1411 916 1450 sed
943 1423 1069 1462 quam
1099 1410 1219 1450 nulla
1244 1410 1446 1462 consequi
1468 1411 1700 1450 adfectatio
1721 1412 1857 1463 possit
1876 1414 1896 1450 ?
1926 1416 1974 1451 ut

366 1476 483 1529 ipsae
504 1489 739 1516 sermonem
760 1477 934 1517 finxisse
957 1477 1130 1518 Gratiae
1151 1477 1379 1517 videantur
1400 1509 1408 1516 .
1426 1509 1433 1516 .
1452 1509 1459 1516 .
1484 1478 1529 1516 in
1549 1478 1679 1517 labris
1701 1478 1791 1517 eius
1813 1479 1973 1518 sedisse

365 1545 578 1595 quandam
612 1545 895 1596 persuadendi
934 1545 1056 1584 deam
1114 1544 1290 1596 Dionys.
1323 1545 1400 1596 Ep.
1433 1545 1486 1584 ad
1516 1546 1663 1596 Pomp.
1695 1546 1721 1584 4
1751 1547 1976 1598 συντίθησιν

362 1613 461 1651 αῧτᾶ
482 1614 557 1667 (SC.
579 1614 629 1651 τὰ
653 1612 876 1665 πράγματα)
899 1612 1015 1663 ἡδέως
1036 1613 1132 1652 πάνυ
1153 1613 1213 1651 καὶ
1235 1613 1512 1665 κεχαρισμένως
1553 1613 1604 1651 de
1626 1625 1759 1664 comp.
1783 1613 1896 1651 verb.
1921 1614 1973 1652 10

365 1678 481 1729 ἡδέως
499 1680 579 1730 μὲν,
603 1678 650 1721 ὥς
671 1681 722 1719 ἔνι
742 1681 924 1730 μάλιστα,
948 1682 993 1718 οὔ
1022 1681 1098 1731 μὴν
1126 1682 1249 1721 καλῶς
1279 1697 1334 1732 γε,
1360 1679 1422 1729 ἐφ’
1445 1681 1540 1719 ὅσον
1565 1680 1636 1719 ἔδει
1686 1681 1825 1718 Laerb.
1849 1680 1970 1730 Diog.

363 1745 412 1784 II
433 1746 486 1785 57
517 1749 688 1785 ἐκαλεῖτο
715 1746 753 1785 δὲ
785 1747 844 1785 καὶ
870 1745 1032 1798 Ἀττικὴ
1062 1749 1202 1785 Μοῦσα
1229 1748 1441 1799 γλυκύτητι
1468 1749 1536 1796 τῆς
1568 1747 1761 1798 ἑρμηνείας
1822 1747 1973 1786 suidas

362 1824 395 1851 S.
418 1825 456 1851 V.
487 1812 647 1865 Ἀττικὴ
677 1813 841 1864 μέλιττα
871 1815 1146 1863 ἐπωνομάζετο.

418 1879 472 1919 29
502 1880 681 1931 Epicuri
698 1905 705 1912 ·
725 1905 732 1913 ·
754 1905 762 1912 ·
785 1883 827 1920 et
851 1881 1108 1920 Metrodori:
1133 1880 1198 1919 On
1215 1880 1422 1930 Epicurus
1437 1880 1484 1918 of
1505 1880 1651 1919 Samos
1670 1881 1971 1936 (342s1-270),

362 1958 432 1985 see
465 1946 612 1996 Zeller,
649 1947 788 1986 Gesck.
821 1948 859 1986 d.
891 1947 1039 1998 qriech.
1072 1947 1231 1985 Philos.
1266 1947 1338 1984 III
1369 1947 1407 1995 1,
1439 1947 1521 1986 363
1543 1947 1586 1985 ff.
1625 1947 1709 1986 and
1745 1948 1972 1997 Suselnihl,

370 2013 508 2052 066·οή.
541 2015 613 2053 der
645 2015 793 2064 qriech.
831 2014 913 2053 Lit.
952 2014 997 2052 in
1036 2015 1109 2052 der
1138 2014 1524 2052 Alemandrinerzeit
1562 2014 1584 2052 I
1620 2027 1659 2065 p.
1697 2015 1846 2054 87-97.
1909 2015 1974 2055 On

362 2080 617 2120 Metrodorus
646 2081 692 2119 of
722 2082 979 2132 Lampsacus
1004 2082 1103 2136 (330
1107 2081 1300 2134 s29-277
1322 2093 1359 2119 B.
1378 2080 1448 2132 c.),
1471 2080 1538 2119 his
1570 2080 1752 2120 favorite
1779 2082 1971 2134 disciple,

361 2147 447 2186 and
466 2147 604 2187 called
623 2148 680 2199 by
702 2148 786 2188 Cic.
810 2148 860 2187 de
882 2147 951 2186 fin.
976 2148 1023 2186 II
1045 2148 1112 2196 28,
1134 2148 1187 2187 92
1212 2160 1345 2199 paene
1368 2147 1476 2186 alter
1497 2147 1720 2198 Epicurus,
1743 2161 1811 2187 see
1836 2149 1974 2188 Ζ6116ιι

362 2214 436 2253 ΙΙΙ
457 2214 495 2263 1,
516 2215 598 2254 368
629 2218 726 2254 note
757 2216 794 2254 3.
827 2215 911 2254 and
942 2214 1154 2254 Susemihl
1176 2215 1198 2253 I
1219 2228 1257 2266 p.
1282 2214 1742 2255 98-100.-h0nestas
1768 2217 1973 2267 quasdam

362 2281 715 2322 exclamationes:
761 2282 849 2321 The
882 2282 1097 2321 reference
1130 2281 1166 2320 is
1201 2285 1246 2320 to
1281 2282 1354 2320 the
1390 2281 1515 2333 pithy
1546 2281 1678 2320 moral
1715 2282 1894 2321 maxims
1928 2283 1974 2322 of

361 2348 583 2400 Epicurus,
604 2348 743 2388 called.
761 2350 1050 2401 προςφωνήσεις
1072 2362 1118 2387 01·
1139 2350 1481 2401 ἀνακραυγάσματα
1503 2350 1594 2400 ἱερά,
1617 2349 1663 2387 Of
1683 2349 1823 2387 Which
1843 2349 1972 2389 latter

361 2413 585 2455 ‘honestae
607 2415 956 2455 exclamationes'
979 2428 1114 2454 seems
1137 2419 1180 2454 to
1200 2415 1251 2454 be
1272 2428 1297 2454 a
1316 2415 1584 2454 translation.
1639 2416 1702 2455 Cf.
1723 2415 1806 2455 Cic.
1827 2417 1877 2455 de
1899 2416 1968 2455 fin.

361 2481 408 2520 II
430 2483 495 2532 16,
517 2483 570 2523 51
602 2483 759 2534 itaque,
791 2484 1015 2534 Torquate,
1051 2495 1145 2521 cum
1186 2482 1359 2530 diceres,
1397 2483 1577 2521 clamare
1616 2482 1846 2533 Epicurum
1886 2497 1972 2522 non

359 2561 483 2600 posse
518 2549 700 2589 iucunde
735 2549 837 2598 vivi,
869 2549 954 2588 nisi
985 2549 1162 2588 honeste
1193 2552 1235 2588 et
1266 2548 1481 2600 sapienter
1516 2553 1559 2587 et
1594 2549 1704 2588 iuste
1740 2549 1968 2589 viveretur.

361 2615 480 2667 They
500 2616 666 2656 formed
685 2620 782 2668 part
803 2617 849 2655 of
868 2616 941 2655 the
963 2618 1084 2668 κύριαι
1106 2615 1224 2664 δόξαι,
1242 2628 1297 2654 on
1317 2615 1458 2654 Which
1479 2628 1548 2654 see
1572 2616 1748 2664 Usener,
1767 2617 1972 2667 Epicurea

360 2695 399 2733 p.
424 2683 558 2723 71-81
592 2683 804 2723 Susemihl
835 2683 857 2722 I
888 2684 941 2722 93
972 2686 1070 2721 note
1098 2683 1179 2721 420
1211 2683 1295 2721 and
1315 2683 1362 2720 E.
1387 2682 1581 2730 Thomas,
1606 2683 1712 2721 Eine
1745 2683 1888 2722 Studie
1920 2698 1971 2722 zu

361 2749 438 2788 den
458 2750 773 2800 Epicureisehen
797 2750 1005 2801 Spmiclwn
1026 2749 1071 2787 in
1092 2750 1266 2788 Hermes
1286 2749 1462 2788 XXVII
1484 2762 1522 2800 p.
1546 2749 1695 2787 22-35.

417 2816 468 2855 31
501 2829 635 2869 neque
660 2818 773 2857 enim
799 2818 1034 2869 sapientem
1059 2817 1338 2856 informamus
1368 2819 1458 2854 etc:
1493 2816 1535 2854 It
1556 2815 1591 2853 is
1614 2819 1688 2854 not
1709 2829 1780 2867 my
1801 2821 1969 2855 conten-

359 2882 466 2932 tion,
506 2896 603 2935 says
645 2884 860 2933 Messalla,
902 2884 996 2922 that
1039 2883 1112 2922 the
1159 2886 1300 2922 orator
1340 2882 1493 2921 should
1532 2882 1582 2921 be
1622 2895 1646 2921 a
1685 2883 1968 2934 professional
