2262 3224
777 145 1157 180 PROLEGOMENA.
1611 138 1775 180 lxxxix

165 269 196 295 c.
217 261 236 294 1
256 266 271 294 1
295 269 402 304 saepe
426 269 473 294 ex
496 270 555 294 me
579 261 732 304 requiris
769 268 803 294 10
818 262 854 295 ff.
875 263 936 295 vix

156 1602 188 1629 0.

155 1883 186 1908 0.

210 316 331 350 hercle
342 317 513 350 auderem
523 317 554 350 si
564 317 653 350 mihi
664 327 745 351 mea
755 320 936 352 sententia

209 372 429 415 proferenda
450 382 494 406 ac
519 382 593 406 non
620 373 936 407 disertissimorum

210 453 219 462 .
248 453 257 462 .
286 452 294 462 .
322 428 510 462 hominum
555 438 673 462 sermo
719 431 936 472 repetendus

209 490 304 520 esset
314 495 404 528 quos
415 487 567 520 eandem
579 487 673 520 hanc
686 487 934 529 quaestionem

208 546 472 585 pertractantes
495 543 691 576 admodum
713 544 852 576 iuvenis
873 553 935 576 au-

208 599 293 632 divi.
343 599 396 632 ita
413 609 487 632 non
509 599 653 641 ingenio
674 600 736 632 sed
761 600 935 633 memoria.

209 657 248 688 et
261 654 511 689 recordatione
526 664 617 697 opus
631 658 687 688 est

182 1114 190 1124 .
210 1092 232 1124 2
248 1096 280 1124 11
296 1090 334 1126 ff.
354 1091 521 1126 Secundo
538 1115 546 1124 .
568 1115 576 1125 .
597 1116 605 1124 .
621 1092 722 1133 Aper
737 1091 837 1124 omni
852 1101 932 1124 eru-

204 1146 342 1180 ditione
362 1147 522 1180 imbutus
541 1148 797 1180 contemnebat
812 1149 931 1189 potius

203 1201 343 1236 litteras
380 1212 489 1244 quam
528 1203 710 1236 nesciebat
744 1209 929 1245 tamquam

182 1291 187 1295 .
204 1258 378 1292 maiorem
396 1283 405 1291 .
426 1283 435 1292 .
457 1283 464 1291 .
485 1259 634 1301 gloriam
675 1260 864 1293 habiturus
899 1260 930 1292 si

203 1314 389 1357 ingenium
439 1315 516 1348 eius
565 1315 674 1348 nullis
728 1316 928 1349 alienarum

203 1370 337 1404 artium
360 1370 588 1404 adminiculis
614 1372 722 1404 inniti
747 1371 930 1405 videretur

206 1593 229 1628 3
246 1599 262 1626 1
285 1594 396 1637 igitur
417 1598 460 1628 ut
483 1595 698 1629 intravimus
721 1595 927 1629 cubiculum

201 1649 372 1691 Materni,
397 1651 583 1684 sedentem
608 1651 795 1693 ipsumque
819 1661 927 1693 quem

200 1706 315 1748 pridie
325 1707 539 1740 recitaverat
551 1707 682 1740 librum
693 1709 788 1740 inter
797 1717 927 1741 manus

199 1761 394 1796 habentem
410 1763 711 1805 deprehendimus

205 1874 227 1908 4
239 1880 254 1907 1
270 1875 500 1917 perturbarer
514 1875 582 1908 hac
598 1875 868 1927 tuaseveritate

201 2042 241 2076 11
255 2048 273 2074 2
290 2042 480 2076 subridens
496 2044 684 2076 Maternus
699 2045 922 2085 ‘parantem’

199 2098 318 2140 inquit
336 2101 414 2131 ‘me
434 2108 507 2131 non
529 2099 650 2132 minus
670 2099 733 2131 diu
757 2109 924 2132 accusare

199 2159 360 2189 oratores
376 2165 484 2197 quam
505 2157 605 2197 Aper
626 2156 836 2189 laudaverat
852 2181 860 2189 .
882 2181 890 2188 .
911 2180 920 2188 .

199 2215 277 2245 arte
301 2212 458 2254 quadam
482 2213 673 2254 mitigavit,
694 2212 925 2246 concedendo

198 2267 243 2301 iis
261 2268 322 2310 qui
341 2277 469 2302 causas
489 2277 594 2311 agere
618 2277 692 2301 non
714 2271 861 2310 possent
882 2271 925 2301 ut

198 2332 323 2357 versus
338 2324 501 2358 facerent

205 2549 246 2583 14
265 2555 279 2581 1
301 2548 339 2583 ff.
366 2548 515 2582 vixdum
547 2547 691 2581 finierat
722 2548 920 2588 Maternus,

198 2615 281 2640 cum
303 2605 503 2647 Vipstanus
526 2604 695 2637 Messalla
718 2603 923 2637 cubiculum

198 2663 275 2696 eius
298 2663 479 2704 ingressus
502 2667 556 2694 est
573 2687 580 2695 .
603 2687 609 2694 .
633 2687 640 2695 .
664 2664 769 2693 ‘num
795 2670 923 2702 parum

197 2720 433 2761 tempestivus
443 2721 452 2737 ’
468 2720 585 2762 inquit
600 2719 795 2752 ‘interveni
811 2727 925 2751 secre-

197 2778 275 2808 tum
293 2775 480 2808 consilium
493 2800 500 2807 .
513 2800 520 2807 .
532 2776 553 2808 .'
567 2775 741 2814 ‘minime,
752 2775 924 2814 minime,'

199 2830 316 2873 inquit
336 2831 522 2865 Secundus

1003 264 1048 296 de
1073 267 1162 297 orat.
1183 264 1201 297 I
1224 265 1257 305 2,
1276 265 1297 297 4
1323 274 1365 298 ac
1388 265 1479 298 mihi
1502 266 1698 307 repetenda
1720 270 1776 299 est

1047 320 1180 353 veteris
1195 320 1381 353 cuiusdam
1394 321 1588 354 memoriae
1601 331 1674 354 non
1687 331 1774 355 sane

1047 376 1135 408 satis
1165 376 1345 417 explicata
1376 377 1590 418 recordatio,
1623 378 1698 419 sed,
1732 383 1775 412 ut

1047 432 1213 473 arbitror,
1242 435 1328 474 apta
1351 432 1398 465 ad
1424 432 1461 465 id
1487 434 1583 474 quod
1608 436 1770 476 requiris,

1046 492 1089 521 ut
1104 498 1299 531 cognoscas
1316 498 1407 531 quae
1423 489 1491 522 viri
1515 491 1677 523 omnium
1702 491 1774 524 elo-

1047 545 1271 586 quentissimi
1289 570 1296 577 .
1319 570 1327 577 .
1349 570 1357 577 .
1377 547 1555 579 senserint
1592 547 1636 580 de
1673 548 1774 580 omni

1046 601 1186 634 ratione
1207 601 1351 634 dicendi
1390 603 1435 635 de
1455 612 1527 645 rep.
1549 603 1567 635 1
1591 604 1623 644 8,
1641 603 1682 636 13
1705 613 1772 636 nec

1046 660 1170 689 nostra
1187 658 1363 698 quaedam
1377 663 1431 691 est
1444 659 1666 692 instituenda
1678 669 1774 693 nova

1046 716 1083 745 et
1110 722 1132 746 a
1162 714 1266 746 nobis
1298 714 1447 748 inventa
1477 716 1569 748 ratio
1600 715 1663 748 sed
1688 740 1696 747 .
1721 740 1729 748 .
1759 740 1767 748 .

1045 768 1323 803 clarissimorum
1349 795 1357 803 .
1387 796 1394 803 .
1424 795 1431 803 .
1460 772 1619 803 virorum
1651 772 1773 813 dispu-

1044 825 1136 858 tatio
1168 827 1364 867 repetenda.
1396 828 1570 860 memoria
1597 831 1651 860 est
1679 837 1771 869 quae

1044 881 1134 913 mihi
1161 882 1298 923 tibique
1327 882 1596 916 adulescentulo
1627 887 1681 916 est
1698 909 1705 916 .
1728 909 1735 917 .
1757 908 1765 916 .

1044 937 1219 978 exposita,
1240 939 1277 970 in
1294 947 1366 979 qua
1381 939 1471 971 nihil
1488 939 1564 971 fere
1582 964 1589 972 .
1611 965 1619 973 .
1641 965 1648 972 .
1669 950 1771 981 prae-

1043 994 1248 1025 termissum
1264 997 1363 1035 puto.

998 1093 1043 1125 de
1060 1096 1149 1126 orat.
1169 1093 1204 1125 II
1223 1095 1254 1134 1,
1270 1094 1290 1126 4
1312 1094 1375 1127 sed
1391 1094 1463 1127 suit,
1478 1095 1546 1128 hoc
1563 1095 1600 1128 in
1617 1100 1769 1137 utroque

1042 1153 1084 1181 ut
1127 1149 1278 1182 Crassus
1310 1175 1318 1182 .
1349 1175 1357 1183 .
1388 1175 1396 1183 .
1425 1151 1608 1184 Antonius
1647 1157 1769 1184 autem

1042 1205 1321 1246 probabiliorem
1338 1206 1405 1239 hoc
1422 1207 1555 1248 populo
1569 1208 1768 1241 orationem

1041 1260 1120 1294 fore
1152 1262 1332 1302 censebat,
1363 1263 1394 1294 si
1422 1263 1570 1295 omnino
1602 1264 1768 1297 didicisse

1041 1326 1241 1358 numquam
1275 1322 1476 1359 putaretur,
1511 1324 1619 1360 atque
1649 1321 1700 1353 ita
1729 1330 1768 1354 se

1040 1376 1192 1415 uterque
1215 1375 1416 1416 graviorem
1440 1375 1530 1415 fore,
1555 1377 1584 1408 si
1609 1381 1768 1409 contem-

1040 1438 1137 1469 nere,
1157 1430 1249 1462 alter
1265 1439 1311 1463 ne
1328 1440 1431 1464 nosse
1448 1431 1594 1472 quidem
1612 1432 1769 1465 Graecos

1039 1485 1234 1518 videretur.

994 1597 1039 1629 de
1063 1601 1137 1630 nat.
1158 1597 1255 1630 deor.
1278 1598 1295 1630 1
1321 1598 1351 1638 7,
1374 1599 1415 1630 15
1443 1608 1529 1631 nam
1557 1609 1639 1632 cum
1668 1600 1768 1634 feriis

1039 1653 1180 1685 Latinis
1214 1653 1260 1686 ad
1293 1663 1376 1686 eum
1408 1655 1596 1695 venissem,
1632 1655 1768 1689 offendi

1039 1718 1122 1741 eum
1153 1709 1339 1742 sedentem
1369 1711 1406 1742 in
1434 1711 1594 1744 exhedra
1621 1716 1657 1744 et
1684 1722 1768 1745 cum

1038 1764 1178 1797 Velleio
1202 1765 1457 1807 disputantem.

993 1876 1038 1908 de
1055 1880 1145 1910 orat.
1162 1877 1179 1908 Ι
1196 1877 1250 1917 51,
1266 1878 1332 1909 219
1357 1887 1473 1919 neque
1493 1888 1578 1910 vero
1598 1879 1676 1911 istis
1694 1885 1765 1912 tra-

1038 1932 1174 1974 goediis
1190 1933 1262 1965 tuis
1278 1934 1477 1974 perturbor.

993 2043 1038 2076 de
1062 2047 1151 2077 orat.
1174 2044 1190 2076 I
1209 2045 1261 2084 17,
1279 2045 1320 2077 74
1345 2048 1424 2077 tum
1448 2045 1570 2078 ridens
1594 2046 1767 2080 Scaevola

1041 2103 1133 2132 ‘non
1150 2100 1314 2133 luctabor
1330 2102 1468 2133 tecum’
1488 2102 1605 2143 inquit
1621 2127 1628 2134 .
1651 2127 1658 2134 .
1682 2127 1689 2135 .
1710 2103 1765 2135 ‘id

1037 2156 1134 2188 enim
1152 2158 1268 2197 Ipsum
1285 2156 1382 2197 quod
1399 2161 1526 2190 contra
1547 2167 1603 2190 me
1624 2158 1766 2192 locutus

1036 2221 1075 2245 es
1102 2212 1255 2245 artificio
1283 2213 1439 2253 quodam
1468 2223 1506 2246 es
1537 2219 1761 2256 consecutus,

1036 2272 1078 2300 ut
1093 2272 1130 2301 et
1145 2269 1234 2301 mihi
1251 2278 1342 2310 quae
1360 2278 1426 2311 ego
1443 2270 1571 2303 vellem
1594 2280 1666 2303 non
1688 2280 1764 2304 esse

1036 2325 1190 2357 oratoris
1217 2325 1433 2359 concederes
1460 2330 1496 2359 et
1522 2335 1566 2359 ea
1590 2327 1668 2368 ipsa
1692 2351 1699 2359 .
1722 2352 1728 2359 .
1751 2352 1759 2360 .

1036 2390 1160 2413 rursus
1202 2381 1436 2422 detorqueres
1478 2386 1586 2424 atque
1629 2383 1764 2416 oratori

1035 2437 1181 2478 propria
1197 2437 1368 2470 traderes.

991 2548 1036 2581 de
1058 2557 1131 2590 rep.
1153 2549 1170 2581 Ι
1192 2549 1244 2589 12,
1263 2550 1302 2582 17
1334 2548 1433 2583 Haec
1461 2549 1580 2591 Scipio
1605 2560 1686 2583 cum
1710 2551 1764 2584 di-

1035 2604 1158 2643 xisset,
1173 2606 1212 2637 L.
1228 2605 1376 2638 Furium
1396 2610 1542 2647 repente
1558 2607 1763 2640 venientem

1036 2661 1177 2701 aspexit
1194 2685 1201 2693 .
1224 2686 1231 2693 .
1254 2686 1261 2693 .
1312 2663 1405 2695 Tum
1424 2663 1574 2696 Furius:
1598 2663 1683 2704 quid
1700 2673 1764 2696 vos

1036 2718 1170 2759 agitis?
1196 2728 1282 2751 num
1303 2728 1504 2753 sermonem
1523 2725 1680 2754 vestrum
1700 2720 1764 2752 ali-

1037 2784 1144 2816 quem
1176 2774 1321 2808 diremit
1355 2780 1478 2809 noster
1508 2777 1762 2810 interventus?

1038 2830 1188 2863 Minime
1205 2840 1301 2871 vero,
1321 2831 1528 2867 Africanus.
