2262 3224
1047 209 1087 242 0.
1114 209 1168 241 36.
1819 194 1906 238 337

307 342 428 370 serve
457 329 554 369 that
578 329 799 368 Maternus
821 327 867 366 in
887 339 919 366 c.
942 327 996 366 40
1021 332 1042 364 8
1071 338 1156 364 non
1176 325 1227 364 de
1248 323 1384 363 otiosa
1404 329 1446 362 et
1467 322 1614 374 quieta
1632 335 1676 361 re
1697 322 1911 373 loquimur

307 395 596 447 significantly
626 395 752 434 omits
785 393 957 442 ‘beata,'
989 393 1078 432 also
1114 390 1396 441 substituting
1425 389 1606 428 ³otiosa'
1638 389 1684 427 in
1715 389 1834 439 place
1865 388 1913 427 of

308 462 590 515 ³composita,'
613 461 680 501 for
700 461 752 500 he
774 461 872 500 does
896 463 971 499 not
1001 458 1119 511 quite
1151 458 1273 497 share
1303 457 1376 496 the
1406 455 1599 508 political
1628 455 1845 506 optimism
1867 455 1914 494 of

309 529 538 578 Secundus,
560 529 645 568 and
665 527 820 568 affirms
841 540 874 567 0.
896 527 949 565 41
969 533 986 564 1
1019 525 1132 577 quod
1161 527 1353 576 superest
1383 522 1549 574 antiqui
1570 522 1806 562 oratoribus
1827 521 1913 560 fori

307 610 389 635 non
408 596 644 635 emendatae
663 608 734 634 nec
753 607 880 645 usque
900 594 955 632 ad
983 598 1120 632 votum
1149 591 1388 642 compositae
1417 590 1597 628 civitatis
1627 595 1914 639 arqumentum

308 669 377 703 est.
437 662 520 701 His
541 661 839 713 acquiescence
861 660 905 698 in
926 660 999 698 the
1020 657 1305 698 monarchical
1335 656 1491 707 regime
1522 655 1657 707 solely
1686 659 1794 694 rests
1825 655 1913 694 like

307 729 403 769 that
432 729 479 768 of
507 728 679 768 Tacitus
709 727 887 766 himself
913 739 1028 778 upon
1057 725 1242 776 grounds
1270 724 1316 763 of
1345 723 1617 774 expediency.
1671 722 1735 763 Of.
1757 725 1857 761 note
1878 735 1911 761 c.

308 796 334 835 2
351 803 371 834 2
393 796 477 835 and
496 795 661 845 Proleg.
684 807 752 845 pp.
776 794 995 832 xxxvi-xl.

365 864 391 902 6
421 862 741 914 perturbatione
774 872 822 900 ac
855 860 1034 900 licentia
1065 858 1321 909 correspond
1352 856 1635 908 respectively
1666 859 1711 895 to
1744 856 1914 895 ‘mixtis

309 929 504 969 omnibus
518 929 528 948 ⁷
551 929 634 968 and
654 927 664 944 ³
677 928 942 966 moderatore
962 939 1046 965 uno
1068 925 1335 965 carentibus.²

365 998 391 1036 7
421 997 569 1036 mixtis
593 995 809 1036 omnibus:
847 994 1039 1033 Ommbus
1067 992 1103 1031 is
1132 1005 1156 1031 a
1183 992 1314 1031 subst.
1337 995 1451 1030 neut.
1475 990 1582 1041 plur.
1605 1002 1651 1029 as
1676 990 1722 1028 in
1742 990 1852 1029 c.19
1872 996 1916 1028 20

309 1062 603 1115 pervulgatis
593 1075 678 1101 lam
698 1061 903 1100 omnibus
966 1060 1043 1099 See
1064 1060 1153 1098 also
1174 1062 1274 1097 note
1296 1070 1328 1097 c.
1351 1058 1404 1096 21
1425 1064 1454 1096 1.

365 1130 391 1170 8
422 1132 610 1181 saperet:
643 1128 752 1167 was
784 1127 967 1178 thought
997 1126 1112 1175 wise,
1144 1125 1334 1165 credited
1363 1124 1470 1163 with
1501 1123 1692 1175 political
1727 1100 1917 1174 sagacity

309 1200 355 1236 to
381 1197 471 1249 just
493 1196 567 1235 the
592 1199 751 1244 extent,
772 1194 1138 1234 that⁷—erranti
1163 1193 1340 1244 populo:
1374 1191 1622 1241 ‘wavering,
1644 1190 1768 1230 fickle
1790 1203 1917 1242 popu-

309 1263 427 1313 lace,'
447 1276 542 1302 now
561 1262 796 1312 bestowing
826 1261 882 1300 its
914 1260 1035 1300 favor
1055 1273 1169 1311 upon
1189 1272 1266 1298 one
1288 1259 1443 1307 leader,
1465 1271 1559 1296 now
1579 1270 1693 1309 upon
1724 1257 1914 1296 another.

311 1330 376 1371 Cf.
396 1330 479 1370 Cic.
500 1330 551 1369 de
573 1329 644 1369 off.
664 1329 686 1367 Ι
707 1329 773 1377 19,
788 1329 841 1367 65
863 1327 937 1379 qui
957 1340 1010 1366 ex
1031 1339 1170 1366 errore
1191 1325 1413 1376 imperitae
1435 1323 1724 1363 multitudinis
1747 1325 1916 1375 pendet,

310 1396 380 1436 hic
400 1396 446 1435 in
467 1396 630 1447 magnis
651 1395 756 1434 viris
783 1407 869 1433 non
895 1397 960 1433 est
990 1394 1220 1432 habendus.
1263 1405 1295 1431 c.
1318 1393 1371 1430 40
1393 1398 1437 1430 20
1467 1392 1597 1430 (101160
1628 1390 1799 1440 erravit,
1823 1403 1918 1441 gen-

310 1463 446 1515 erally
475 1463 633 1514 quoted
662 1475 707 1501 as
737 1474 763 1501 a
791 1460 982 1513 parallel,
1006 1472 1140 1499 seems
1168 1463 1212 1498 to
1237 1472 1303 1498 me
1329 1458 1508 1509 slightly
1533 1458 1917 1497 different—The

311 1529 572 1570 alliteration
601 1542 686 1568 was
716 1527 921 1580 probably
941 1526 1259 1566 unintentional
1279 1526 1390 1564 here.
1404 1526 1596 1565 -hinc:
1630 1525 1638 1540 ³
1653 1528 1728 1563 out
1749 1525 1795 1564 of
1815 1526 1918 1564 such

310 1597 549 1637 conditione
570 1596 716 1636 arose.’
762 1595 828 1636 On
847 1595 935 1634 this
955 1607 1030 1634 use
1052 1594 1099 1633 of
1122 1593 1272 1642 ‘hinc,⁷
1295 1593 1349 1632 cf.
1374 1594 1469 1631 Tac.
1494 1592 1605 1630 Ann.
1631 1592 1703 1630 III
1724 1592 1778 1631 27
1806 1605 1919 1631 secu-

310 1667 380 1704 tae
399 1663 515 1715 leges
537 1694 545 1703 .
565 1694 574 1702 .
594 1694 601 1702 .
625 1662 889 1702 dissensione
912 1661 1108 1701 ordinum
1129 1664 1172 1700 et
1193 1659 1411 1711 apiscendi
1432 1659 1622 1698 inlicitos
1643 1659 1823 1697 honores
1845 1663 1918 1698 aut

310 1730 498 1782 pellendi
532 1730 666 1770 claros
702 1729 816 1768 viros
851 1729 1019 1779 aliaque
1052 1728 1105 1767 ob
1136 1740 1269 1779 prava
1302 1740 1377 1777 per
1408 1726 1497 1764 vim
1528 1725 1638 1764 latae
1672 1729 1783 1764 sunt.
1818 1725 1918 1765 hinc

311 1797 492 1838 Gracchi
512 1801 556 1836 et
577 1796 798 1836 Saturnini
817 1796 1056 1834 turbatores
1078 1794 1227 1846 plebis.
1290 1794 1356 1833 On
1385 1793 1458 1832 the
1488 1792 1612 1831 usual
1642 1792 1846 1831 omission
1873 1793 1920 1831 of

310 1863 452 1914 ‘esse,'
474 1876 543 1903 see
572 1867 672 1902 note
702 1876 735 1902 c.
759 1863 812 1901 10
833 1868 888 1900 33.
950 1862 1136 1902 Observe
1166 1861 1239 1900 the
1270 1860 1498 1911 anaphora,
1528 1872 1614 1911 esp.
1642 1859 1843 1910 frequent
1873 1859 1918 1898 in

309 1931 430 1971 these
459 1931 622 1981 closing
652 1930 858 1981 chapters.
882 1942 916 1968 6.
935 1942 971 1980 g.
994 1929 1022 1968 1.
1042 1935 1083 1966 15
1103 1932 1235 1967 tanto.
1259 1934 1300 1966 17
1322 1927 1431 1979 plus.
1457 1933 1498 1964 18
1515 1932 1551 1964 ff.
1576 1926 1623 1964 hi
1644 1955 1653 1964 .
1678 1957 1686 1965 .
1711 1957 1719 1965 .
1743 1926 1819 1965 hos
1843 1957 1851 1965 .
1875 1957 1882 1966 .
1908 1958 1915 1965 .

309 1998 386 2038 hos
417 2028 426 2037 .
456 2028 465 2038 .
496 2028 504 2037 .
536 1997 592 2036 hi.
625 2003 668 2035 26
685 2002 721 2034 ff.
747 2009 852 2035 cum.
885 1997 937 2035 37
959 2003 979 2033 2
998 2001 1033 2033 ff.
1058 2008 1122 2034 ne.
1154 2001 1198 2033 24
1218 2007 1306 2033 nec.
1339 2000 1381 2032 34
1399 1999 1435 2031 ff.
1461 2006 1555 2044 quo.
1588 1994 1640 2032 38
1663 1999 1683 2031 8
1700 1998 1736 2031 ff.
1762 1993 1915 2032 omnia.

309 2065 363 2104 39
386 2071 407 2103 2
424 2069 461 2103 ff.
486 2067 703 2115 quantum.
740 2069 781 2101 16
798 2068 834 2101 ff.
860 2075 965 2102 cum.
1000 2063 1054 2101 40
1079 2068 1121 2100 18
1138 2066 1174 2100 ff.
1200 2060 1352 2100 omnia.
1387 2067 1431 2098 20
1448 2065 1472 2098 f.
1499 2060 1642 2099 donec.
1675 2067 1715 2098 21
1735 2065 1760 2098 f.
1785 2060 1915 2099 nulla.

309 2131 362 2171 41
385 2137 426 2170 13
442 2136 480 2170 ff.
504 2131 618 2182 quid.
679 2130 752 2181 Cp.
775 2129 940 2179 Proleg.
963 2142 1002 2180 p.
1031 2127 1138 2166 cxvi.

365 2199 390 2238 9
421 2199 535 2250 leges
560 2197 763 2238 adsiduae
787 2199 829 2237 et
852 2196 1057 2248 populare
1081 2207 1255 2236 nomen:
1288 2194 1297 2210 ³
1313 2195 1482 2234 decrees
1510 2194 1694 2232 without
1721 2194 1804 2233 end
1833 2194 1918 2233 and

308 2267 567 2316 consequent
595 2263 867 2315 popularity.'
926 2262 1136 2301 Adsiduus
1165 2261 1201 2300 is
1230 2274 1254 2300 a
1281 2274 1394 2300 more
1425 2260 1639 2312 emphatic
1671 2260 1917 2311 equivalent

309 2332 356 2371 of
375 2331 384 2348 ³
398 2332 611 2382 frequens,
634 2330 790 2379 creber,
813 2329 1067 2369 continuus.'
1123 2328 1186 2368 Cf.
1211 2341 1244 2367 0.
1267 2329 1293 2366 4
1310 2335 1330 2365 2
1353 2328 1555 2378 frequens
1578 2331 1620 2366 et
1641 2327 1820 2366 adsidua
1841 2358 1849 2366 .
1873 2358 1881 2366 .
1906 2358 1914 2366 .

309 2397 524 2438 contentio
571 2398 624 2437 30
649 2403 670 2435 9
700 2396 894 2435 infinitus
924 2396 1043 2435 labor
1073 2399 1116 2434 et
1146 2395 1362 2434 cotidiana
1393 2394 1615 2433 meditatio
1647 2397 1690 2433 et
1710 2425 1718 2432 .
1744 2425 1752 2433 .
1777 2424 1785 2432 .
1809 2394 1918 2433 adsi-

310 2465 416 2504 duae
447 2463 770 2504 exercitationes
819 2463 872 2503 38
896 2468 936 2502 17
968 2462 1216 2502 continuum
1248 2492 1256 2500 .
1290 2492 1298 2500 .
1332 2492 1340 2500 .
1373 2461 1508 2499 otium
1539 2464 1582 2499 et
1612 2460 1791 2500 adsidua
1822 2492 1829 2499 .
1863 2491 1871 2500 .
1905 2491 1913 2500 .

308 2531 599 2584 tranquillitas
647 2531 700 2569 40
727 2529 930 2569 l.-—The
964 2535 1002 2568 et
1033 2529 1069 2568 is
1100 2528 1358 2580 epexegetic,
1390 2540 1446 2566 on
1475 2527 1617 2566 which
1650 2539 1718 2566 see
1751 2530 1849 2566 note
1880 2540 1914 2567 c.

310 2601 335 2639 7
356 2605 409 2638 16.

365 2667 417 2706 10
448 2666 790 2719 pernoctantium
814 2666 861 2705 in
885 2665 1056 2705 rostris:
1087 2663 1210 2703 With
1230 2662 1318 2702 this
1341 2661 1584 2714 hyperbole,
1608 2662 1661 2701 cf.
1686 2661 1770 2701 Cio.
1793 2662 1912 2700 Brut.

309 2735 375 2784 89,
398 2735 479 2774 305
509 2733 555 2772 hi
585 2733 756 2785 quidem
788 2736 861 2788 (sc.
894 2732 940 2779 Q.
963 2731 1130 2779 Varius,
1154 2731 1197 2771 O.
1222 2730 1369 2779 Carbo,
1393 2730 1466 2770 Cn.
1490 2728 1767 2780 Pomponius)
1800 2728 1916 2767 habi-

310 2802 456 2841 tabant
477 2801 522 2839 in
542 2800 691 2840 rostris
736 2800 787 2839 de
809 2803 912 2839 orat.
936 2799 959 2838 I
980 2799 1046 2848 62,
1069 2799 1150 2838 264
1180 2797 1253 2849 qui
1278 2797 1492 2836 habitaret
1512 2795 1557 2834 in
1578 2795 1792 2835 subselliis
1838 2808 1914 2846 pro

310 2869 419 2907 Mur.
446 2868 484 2917 9,
507 2867 558 2906 21
594 2866 640 2906 in
674 2867 767 2906 foro
800 2865 1009 2906 habitant.
1071 2864 1195 2904 With
1218 2863 1291 2901 the
1315 2862 1498 2912 thought
1519 2875 1580 2900 we
1602 2874 1699 2912 may
1720 2872 1913 2910 compare
