2262 3224
375 194 430 237 74
1086 206 1248 240 riorus,

373 324 587 362 maturare
610 323 783 363 festino:
825 322 927 361 This
956 322 1107 373 phrase
1134 322 1170 361 is
1199 321 1414 373 generally
1440 322 1643 373 regarded
1671 334 1716 362 as
1744 322 1964 374 tautologi-

373 387 449 436 cal,
480 388 567 437 but,
598 388 802 438 although
832 388 993 427 similar
1023 388 1234 438 examples
1265 401 1334 427 are
1363 400 1466 439 very
1495 401 1717 427 numerous
1750 391 1836 443 (see
1865 392 1963 428 note

372 457 416 492 to
444 466 476 492 c.
500 454 550 492 11
576 460 596 492 8
623 454 786 504 ingredi
813 455 1052 506 auspicatus
1080 454 1205 506 sum),
1227 454 1261 492 it
1288 454 1324 493 is
1350 454 1406 505 by
1433 467 1486 493 no
1515 467 1657 493 means
1685 454 1845 494 certain
1869 454 1964 495 that

372 520 459 559 this
489 520 524 558 is
555 533 632 559 one
666 521 713 559 of
744 521 873 560 them.
933 522 1149 559 Maturare
1178 533 1273 571 may
1302 521 1353 559 be
1383 520 1553 572 equally
1581 520 1679 559 well
1707 521 1965 560 understood

373 586 418 624 in
452 586 507 624 its
542 586 721 637 original
754 587 950 637 meaning
983 586 1029 625 of
1063 586 1283 636 ‘bringing
1315 590 1359 625 to
1397 586 1663 637 completion,
1699 587 1961 637 perfecting.'

374 652 446 702 Cp.
469 665 502 690 e.
526 665 562 702 g.
585 665 617 691 c.
640 653 693 692 26
717 659 738 690 3
759 653 980 692 maturitas
1003 653 1142 692 Crassi
1164 652 1173 668 ’
1187 652 1422 703 perfection
1443 653 1488 691 of
1508 653 1565 709 C!
1625 653 1680 691 Η.
1704 653 1726 691 Ι
1754 653 1806 691 12
1833 657 1964 692 matu-

373 718 482 757 ravit
504 731 552 757 ea
571 731 637 757 res
658 719 879 758 consilium
902 719 1069 758 Galbae.
1131 719 1271 765 Quint.
1294 719 1356 758 VI
1377 731 1557 770 prooem.
1585 719 1636 758 10
1664 719 1840 758 celerius
1862 719 1964 758 occi-

373 785 469 822 dere
505 785 749 823 festinatam
784 785 1082 834 maturitatem,
1116 786 1163 823 11
1197 786 1234 833 4,
1269 786 1294 824 9
1328 797 1380 824 ne
1414 785 1635 824 maturitas
1669 785 1838 836 quidem
1871 785 1965 837 ipsa

373 850 559 889 festinet.
621 851 675 889 So
695 854 940 900 maturesco,
962 851 1061 890 ibid.
1091 852 1166 902 Ep.
1197 852 1250 890 ad
1270 851 1426 902 Tryph.
1450 852 1473 890 1
1499 851 1589 902 ipse
1618 864 1686 890 eos
1711 855 1783 907 (sc.
1813 851 1961 904 libros)

373 917 558 955 nondum
592 917 792 968 opinabar
828 917 930 956 satis
966 917 1218 956 maturuisse
1261 947 1269 955 .
1307 947 1315 956 .
1353 947 1361 956 .
1397 930 1449 956 ne
1484 917 1786 969 praecipitetur
1820 918 1961 958 editio.

374 982 592 1021 Translate
612 997 619 1020 :
651 982 694 1020 Ἰ
715 983 864 1022 hasten
884 987 929 1022 to
956 987 1033 1034 put
1059 984 1131 1022 the
1160 983 1362 1034 finishing
1387 984 1558 1022 touches
1582 987 1627 1022 to
1647 997 1719 1035 my
1739 983 1899 1023 edition
1918 984 1965 1023 of

372 1051 444 1089 the
471 1051 670 1102 tragedy'
699 1051 724 1089 i.
754 1064 787 1090 e.
810 1051 933 1102 bring
958 1051 992 1090 it
1018 1055 1063 1090 to
1090 1051 1344 1102 completion
1369 1052 1436 1090 for
1456 1052 1727 1103 publication.
1742 1053 1961 1093 —editio:

373 1116 479 1155 Like
511 1129 586 1155 our
618 1117 826 1166 ‘editionss
860 1118 1017 1159 ἔκδυσις.
1087 1118 1139 1156 Ι11
1167 1117 1255 1156 this
1288 1122 1478 1157 concrete
1512 1131 1644 1167 sense,
1676 1118 1749 1157 the
1781 1118 1896 1157 word
1925 1117 1963 1157 is

373 1195 562 1221 common
589 1183 633 1220 in
660 1183 744 1222 late
773 1183 911 1232 Latin,
939 1184 1015 1222 but
1041 1184 1277 1234 extremely>
1299 1196 1390 1223 rare
1415 1184 1460 1222 in
1487 1184 1637 1223 earlier
1661 1184 1837 1223 writers.
1897 1184 1961 1224 Cf.

374 1249 513 1294 Quint.
547 1249 634 1288 VH
665 1250 730 1296 41,
763 1250 816 1288 40
849 1249 922 1300 qui
957 1253 1029 1305 (sc.
1065 1262 1210 1288 versus
1243 1250 1437 1302 Homeri)
1471 1253 1613 1289 tamen
1647 1250 1737 1301 ipse
1772 1250 1818 1288 in
1850 1249 1964 1289 omni

374 1315 556 1353 editione
578 1315 786 1366 reperitur
806 1316 896 1354 XII
918 1316 982 1364 10,
1005 1317 1058 1355 55
1079 1316 1209 1355 editio
1229 1316 1400 1355 habebit
1424 1316 1574 1355 omnia.

430 1381 481 1420 13
503 1393 621 1421 cura:
663 1382 728 1432 By
748 1394 773 1420 a
792 1381 896 1420 kind
916 1382 962 1420 of
985 1386 1226 1433 metonymy
1246 1383 1312 1421 for
1332 1382 1506 1433 literar-y
1527 1382 1803 1433 composition
1824 1395 1966 1433 gener-

373 1447 472 1498 ally,
494 1447 592 1486 here
612 1447 684 1486 the
707 1448 715 1464 ’
729 1449 906 1499 tragedy
927 1449 1056 1488 Cato!
1116 1449 1218 1487 This
1238 1461 1366 1499 usage
1388 1449 1423 1487 is
1444 1449 1581 1500 poetic
1608 1450 1690 1488 and
1713 1449 1964 1501 apparently

373 1517 446 1552 not
467 1513 600 1552 found
621 1514 665 1551 in
686 1514 812 1553 Latin
832 1527 953 1565 prose
975 1518 1123 1565 except
1153 1514 1197 1552 in
1224 1515 1405 1553 Tacitus.
1466 1515 1529 1554 Cf.
1562 1528 1594 1554 c.
1626 1517 1651 1554 6
1680 1522 1723 1553 22
1753 1519 1963 1554 recentem

373 1592 516 1619 curam
544 1581 597 1619 28
614 1587 657 1618 20
678 1581 818 1619 studia
838 1594 1039 1632 curasque
1069 1582 1179 1620 Ann.
1195 1582 1267 1619 ΠΙ
1283 1582 1336 1618 24
1357 1581 1394 1619 si
1411 1611 1419 1619 .
1438 1611 1446 1619 .
1466 1581 1607 1631 plures
1625 1582 1678 1620 ad
1693 1594 1812 1620 curas
1827 1581 1961 1620 vitam

374 1645 618 1694 produxero.
678 1645 740 1684 IV
767 1645 817 1683 11
845 1658 1020 1695 quorum
1050 1646 1095 1683 111
1120 1658 1266 1684 manus
1295 1658 1393 1685 cura
1416 1650 1560 1685 nostra
1579 1647 1753 1686 venerit.
1814 1647 1888 1687 Ov.
1911 1658 1964 1686 ex

374 1710 509 1749 Ponto
536 1711 583 1748 II
603 1711 641 1759 4,
664 1711 716 1750 16
746 1711 824 1749 hoc
853 1711 1035 1762 pretium
1065 1724 1186 1750 curae
1217 1712 1336 1751 dulce
1367 1713 1549 1763 regentis
1580 1716 1680 1752 erat.
1740 1714 1803 1753 IV
1823 1714 1887 1762 16,
1909 1715 1962 1753 39

374 1777 485 1827 quod
514 1776 674 1815 inedita
703 1789 802 1816 cura
830 1781 905 1816 est.
966 1778 1090 1816 Mart.
1121 1778 1142 1816 Ι
1171 1779 1262 1826 107,
1292 1779 1317 1817 5
1347 1779 1522 1817 condere
1551 1779 1734 1818 victuras
1760 1783 1963 1830 temptem

373 1855 448 1893 per
473 1843 638 1881 saecula
657 1855 788 1882 curas.
802 1844 1179 1894 —cogitationi=
1194 1844 1381 1893 consilio,
1404 1857 1429 1883 a
1454 1845 1649 1895 meaning
1669 1845 1757 1884 also
1778 1845 1964 1896 peculiar

372 1912 416 1946 to
438 1908 619 1947 Tacitus.
680 1909 743 1949 Cf.
766 1921 797 1947 c.
821 1910 873 1947 21
895 1916 935 1947 21
965 1910 1042 1960 Ag.
1065 1911 1118 1949 39
1146 1911 1200 1948 H.
1224 1911 1245 1948 I
1267 1911 1319 1949 27
1341 1911 1388 1948 II
1410 1911 1461 1950 74
1489 1911 1597 1949 Ann.
1621 1912 1703 1950 XV
1729 1912 1963 1952 54.—toto

373 1978 559 2025 pectore:
602 1975 664 2014 Of.
691 1975 803 2013 Serv.
828 1976 881 2013 ad
901 1976 1022 2025 Verg.
1046 1975 1149 2014 Aen.
1179 1977 1244 2014 IX
1264 1977 1316 2015 27
1319 1978 1345 2014 4
1372 1980 1436 2015 est
1457 1977 1507 2015 de
1528 1977 1758 2027 proverbio.
1820 1977 1963 2017 Cicero

373 2041 423 2079 de
450 2040 528 2091 leg.
555 2041 594 2096 (Ι
621 2042 686 2090 18,
709 2041 781 2092 49)
805 2041 910 2079 ‘nisi
935 2045 1025 2080 toto
1052 2045 1219 2092 pectore
1247 2046 1422 2091 amatur,
1450 2047 1498 2081 ut
1525 2043 1701 2081 dicitur'
1729 2056 1823 2082 cum
1850 2043 1962 2082 enim

373 2106 476 2145 dicit
506 2107 576 2145 ‘ut
605 2107 780 2146 dicitur'
811 2107 997 2146 ostendit
1023 2108 1295 2158 proverbiale.
1356 2109 1398 2147 It
1419 2121 1560 2147 occurs
1583 2109 1706 2158 again
1726 2109 1772 2147 in
1791 2122 1824 2148 c.
1846 2110 1899 2149 28
1919 2116 1963 2148 26

373 2173 494 2221 Ovid,
516 2174 627 2211 Fast.
646 2174 707 2212 VI
728 2174 809 2212 464
831 2186 882 2212 ex
897 2174 1018 2212 Pont.
1039 2174 1110 2211 III
1131 2175 1168 2222 1,
1186 2175 1238 2213 39
1262 2175 1354 2213 Sen.
1373 2175 1449 2225 Ep.
1468 2176 1506 2223 3,
1528 2175 1553 2213 2
1575 2176 1658 2214 and
1678 2175 1713 2214 is
1735 2175 1963 2227 especially

372 2239 568 2290 frequent
602 2239 647 2277 in
677 2239 832 2279 Cicero.
907 2239 983 2278 See
1014 2239 1125 2288 Otto,
1157 2240 1239 2278 Die
1272 2240 1565 2291 Spriclzwb'rter
1594 2247 1660 2280 etc.
1698 2242 1768 2280 der
1795 2242 1960 2291 Rb'mer,

372 2305 545 2355 Leipzig
566 2306 672 2344 1890
694 2319 732 2356 p.
755 2306 847 2344 270.

428 2372 479 2408 14
510 2372 749 2411 incumbam
777 2371 884 2409 with
913 2372 996 2410 dat.
1029 2384 1161 2410 seems
1192 2375 1236 2410 to
1266 2385 1387 2411 occur
1412 2372 1504 2411 first
1536 2373 1581 2410 in
1608 2373 1731 2411 Rhet.
1763 2374 1827 2412 ad.
1857 2374 1959 2413 Her.

372 2436 395 2475 Ι
416 2438 479 2484 11,
503 2438 553 2475 18
576 2437 714 2486 gladio
744 2437 993 2476 incumbere.
1055 2438 1197 2477 Cicero
1226 2450 1322 2476 uses
1352 2439 1399 2476 in
1428 2451 1474 2477 or
1503 2440 1559 2476 ad
1586 2452 1618 2477 e.
1651 2452 1686 2488 g.
1719 2439 1770 2477 de
1800 2438 1958 2478 invent.

371 2503 417 2541 ΙΙ
440 2504 504 2551 51,
527 2504 607 2541 154
628 2503 673 2541 in
693 2503 879 2553 gladium
899 2503 1144 2542 incubuerat
1172 2504 1247 2554 Ep.
1268 2505 1321 2542 ad
1340 2505 1438 2543 fam.
1458 2505 1499 2542 X
1526 2505 1591 2553 10,
1613 2505 1638 2542 2
1659 2505 1850 2544 incumbe
1870 2509 1960 2544 toto

371 2573 537 2620 pectore
565 2570 618 2607 ad
643 2569 820 2607 laudem.
881 2570 923 2607 It
950 2569 985 2608 is
1016 2582 1204 2608 common
1230 2569 1274 2607 in
1302 2569 1438 2608 Silver
1459 2570 1584 2608 Latin
1608 2571 1691 2609 and
1716 2571 1788 2609 the
1809 2570 1962 2610 invari-

372 2634 463 2672 able
485 2634 574 2672 rule
596 2635 639 2672 in
661 2635 841 2674 Tacitus.
890 2635 953 2675 Cf.
977 2635 1064 2674 also
1086 2635 1225 2681 Quint.
1244 2636 1310 2674 IX
1325 2637 1363 2683 3,
1382 2636 1404 2673 1
1427 2635 1462 2674 si
1483 2636 1703 2686 antiquum
1724 2649 1960 2676 sermonem

371 2704 514 2738 nostro
535 2713 832 2750 comparemus,
850 2713 981 2751 paene
1002 2701 1085 2740 iam
1106 2701 1311 2751 quidquid
1329 2701 1540 2751 loquimur
1557 2701 1689 2751 figura
1708 2706 1773 2741 est
1792 2706 1839 2741 ut
1861 2702 1959 2742 ‘hac

371 2778 414 2803 re
436 2765 650 2814 invidere,'
672 2779 767 2814 11011,
789 2771 836 2805 ut
857 2780 999 2805 omnes
1021 2771 1183 2805 veteres
1204 2770 1246 2805 et
1268 2766 1412 2806 Cicero
1436 2767 1670 2818 praecipue,
1693 2767 1823 2807 ‘hanc
1843 2769 1957 2818 rem,’

371 2834 413 2869 et
435 2831 443 2846 ³
461 2831 697 2870 incumbere
719 2831 810 2880 illi,⁷
832 2845 914 2870 non
936 2833 1003 2870 ’111
1024 2832 1170 2870 illum'
1193 2836 1235 2870 et
1256 2832 1447 2883 ‘plenum
1469 2833 1588 2871 vino⁷
1611 2846 1693 2871 non
1714 2833 1849 2871 ‘vini'
