2262 3224
396 204 482 246 320
1107 218 1270 252 NOTES.

396 331 589 371 Clodium
609 336 874 384 praesentem
895 334 1003 384 fregi
1025 334 1070 372 in
1091 338 1240 373 senatu
1261 347 1354 374 cum
1378 335 1565 374 oratione
1596 339 1809 386 perpetua,
1832 335 1986 387 plenis-

395 398 502 437 sima
530 399 764 449 gravitatis,
788 403 880 438 tum
909 400 1193 440 altercatione.
1256 402 1343 440 The
1373 405 1512 440 orator
1543 402 1716 441 Crassus
1743 402 1780 441 is
1808 401 1900 441 said
1927 402 1984 454 by

396 464 540 504 Cicero
560 465 606 503 in
625 465 743 504 Brut.
761 466 827 514 43,
850 466 930 506 159
960 470 1004 505 to
1028 467 1135 505 have
1165 467 1249 506 had
1278 480 1332 506 no
1361 468 1486 518 equal
1509 467 1554 505 in
1573 467 1660 507 this
1681 467 1804 507 field:
1835 468 1918 507 iam
1939 467 1984 506 in
2003 462 2007 464 ’

394 531 634 570 altercando
654 531 820 570 invenit
840 545 984 583 parem
1004 533 1225 572 neminem.
1263 534 1452 583 ‚Im-qim,
1474 534 1649 572 because
1669 534 1789 573 these
1810 547 1985 573 encoun-

393 600 480 635 ters
511 597 645 648 easily
664 597 735 636 led
753 601 798 637 to
818 599 1013 649 persona]
1042 599 1181 638 abuse.
1241 600 1304 639 Cf.
1327 600 1468 645 Quint.
1491 599 1517 637 l.
1537 613 1569 638 c.
1592 600 1822 651 asperrima
1841 600 1886 639 in
1905 600 1984 640 hac

393 667 513 714 parte
543 663 758 703 dimicatio
788 668 864 714 est,
886 678 963 704 nec
993 665 1096 704 alibi
1126 665 1284 704 dixeris
1314 666 1446 715 magis
1478 678 1672 705 mucrone
1696 666 1887 717 pugnari,
1907 667 1984 706 but

393 730 445 768 he
467 730 569 768 adds
591 729 601 745 ¹
614 730 746 769 bonus
769 731 993 770 altercator
1013 731 1118 770 vitio
1139 731 1381 770 iracundiae
1401 735 1539 771 careat
1560 762 1568 770 .
1592 762 1600 770 .
1625 762 1632 770 .
1656 745 1707 771 ne
1728 732 1920 771 turbidus
1940 735 1984 772 et

394 796 600 835 clamosus
631 800 797 835 tantum
827 796 883 836 sit
913 797 1334 836 altercator.—Both
1365 811 1499 837 nouns
1529 811 1599 837 are
1629 799 1763 837 found
1790 799 1984 849 together

393 862 438 900 in
470 863 580 900 Suet.
600 862 690 901 Tib.
712 863 738 900 2
768 863 962 902 nonnulli
994 863 1040 902 in
1071 864 1342 903 altercatione
1375 867 1417 902 et
1452 863 1586 914 iurgio
1620 865 1811 904 tribunos
1846 865 1982 916 plebis

392 929 819 979 pulsaverint—On
851 929 925 968 the
959 930 1187 981 repetition
1223 930 1745 979 ‘interesse—interesset,'
1781 943 1850 970 see
1883 934 1983 970 note

393 1007 425 1033 c.
450 995 472 1032 1
499 1001 529 1032 8.

449 1063 472 1100 7
503 1064 551 1101 ut
575 1062 635 1101 sic
660 1062 861 1102 dixerim:
897 1062 1136 1112 According
1156 1066 1200 1100 to
1220 1063 1433 1102 Woelfflin
1453 1064 1607 1101 Philol.
1630 1064 1779 1102 XXVI
1801 1064 1881 1103 139
1907 1063 1982 1102 the

392 1127 584 1166 classical
606 1127 675 1166 ‘ut
695 1127 757 1166 ita
776 1128 939 1177 dicam,'
956 1128 1236 1179 occasionally
1257 1129 1390 1167 found
1410 1129 1455 1167 in
1477 1129 1612 1167 Silver
1634 1129 1771 1178 Latin,
1788 1130 1888 1168 took
1907 1130 1982 1169 the

391 1194 502 1232 form
519 1194 587 1232 ‘ut
608 1193 667 1232 sic
689 1194 846 1233 dicam’
869 1207 914 1233 or
936 1194 1004 1233 ‘ut
1024 1195 1086 1233 ita
1106 1195 1308 1233 dixerim'
1329 1195 1468 1234 which
1488 1195 1534 1233 in
1553 1199 1651 1234 turn
1672 1208 1756 1234 was
1777 1196 1982 1248 probably

392 1261 471 1299 due
506 1264 550 1299 to
585 1273 609 1298 a
643 1260 866 1299 confusion
904 1261 1011 1299 with
1045 1261 1115 1300 ‘ut
1154 1261 1361 1309 dixerim,⁷
1397 1274 1442 1300 as
1481 1262 1610 1312 Nipp.
1644 1262 1754 1300 Ann.
1788 1263 1895 1302 XIV
1926 1263 1982 1302 53

392 1330 594 1376 suggests.
655 1327 767 1365 Both
801 1327 932 1366 forms
964 1340 1073 1366 were
1108 1327 1211 1366 then
1246 1327 1464 1366 combined
1498 1328 1542 1366 in
1575 1328 1645 1367 ‘ut
1680 1328 1739 1367 sic
1774 1328 1980 1367 dixerim!

392 1393 494 1431 This
525 1393 814 1432 construction
840 1393 876 1432 is
901 1394 1082 1444 perhaps
1104 1394 1196 1432 first
1216 1398 1302 1432 met
1322 1394 1426 1432 with
1448 1394 1492 1432 in
1512 1394 1603 1433 Val.
1627 1395 1738 1433 Max.
1757 1395 1819 1434 VI
1839 1396 1864 1433 2
1886 1395 1979 1434 init.

391 1460 474 1497 and
504 1459 539 1497 is
570 1459 799 1511 especially
829 1460 1142 1498 characteristic
1172 1461 1217 1498 of
1245 1461 1414 1499 Tacitus
1445 1461 1528 1499 and
1557 1461 1802 1506 Quintilian.
1858 1461 1921 1501 Cf.
1945 1474 1978 1501 c.

390 1526 443 1564 40
467 1532 508 1563 19
547 1525 624 1575 Ag.
643 1527 668 1564 3
710 1526 758 1565 G.
777 1527 802 1564 2
841 1526 951 1564 Ann.
969 1527 1076 1565 XIV
1096 1527 1149 1565 53
1190 1526 1330 1572 Quint.
1348 1528 1416 1565 Pr.
1439 1528 1504 1566 23.
1529 1528 1550 1565 I
1572 1528 1608 1575 6,
1632 1528 1667 1565 1.
1692 1528 1756 1576 12,
1778 1528 1803 1565 2
1845 1528 1892 1565 II
1913 1528 1978 1577 13,

391 1593 415 1630 9
455 1593 494 1631 V
515 1592 579 1640 13,
614 1594 652 1632 2.
672 1594 723 1632 11
755 1594 821 1631 1Χ
842 1594 880 1641 4,
899 1594 949 1631 61
981 1594 1043 1632 VI
1064 1595 1102 1642 3,
1120 1595 1171 1632 93
1205 1592 1315 1631 Plin.
1339 1593 1439 1631 Pan.
1463 1594 1527 1631 42.
1542 1594 1698 1631 —The
1719 1593 1871 1644 logical
1891 1607 1982 1645 per-

390 1658 477 1696 fect
512 1658 618 1709 subj.
653 1657 698 1695 in
732 1658 1003 1697 subordinate
1038 1659 1199 1697 clauses
1236 1659 1271 1697 is
1306 1672 1408 1710 very
1442 1672 1532 1698 rare
1568 1660 1651 1698 and
1684 1660 1836 1710 chiefly
1870 1663 1981 1710 post-

390 1724 623 1774 Augustan.
676 1724 738 1763 Cf.
763 1724 846 1763 Cic.
869 1724 980 1762 Phil.
1004 1725 1110 1764 XIV
1130 1726 1167 1773 6,
1186 1727 1209 1764 7
1250 1725 1340 1763 Liv.
1359 1726 1471 1764 VIII
1494 1726 1557 1773 18,
1580 1727 1605 1764 3
1645 1725 1784 1771 Quint.
1807 1727 1850 1764 X
1870 1726 1907 1774 1,
1926 1728 1978 1766 77

389 1790 501 1828 Plin.
533 1791 610 1840 Ep.
642 1790 680 1829 V
710 1790 747 1838 1,
779 1790 830 1828 10
863 1791 946 1829 and
976 1792 1070 1829 Tac.
1104 1791 1158 1829 H.
1193 1792 1239 1829 II
1270 1792 1322 1829 50
1372 1792 1409 1831 V
1431 1794 1454 1830 7
1503 1791 1611 1830 Α1111.
1630 1792 1692 1831 VI
1713 1793 1777 1830 22.
1838 1793 1909 1843 Cp.
1933 1792 1979 1830 in

391 1858 571 1908 general,
593 1858 806 1897 Woelfflin
825 1858 852 1896 1.
876 1872 908 1897 c.
941 1859 1012 1897 Dr.
1036 1860 1090 1897 Η.
1112 1859 1151 1898 S.
1178 1859 1224 1897 II
1246 1861 1325 1898 699
1359 1860 1440 1898 Stil
1468 1873 1505 1910 p.
1531 1860 1582 1899 13
1614 1860 1842 1909 Gantrelle,
1868 1860 1980 1911 Scyle

393 1927 411 1969 ξ
435 1927 486 1964 77
528 1925 718 1963 Schmalz
751 1925 910 1975 Syntaae
939 1938 978 1976 p.
1002 1926 1081 1964 518
1131 1926 1177 1963 E.
1201 1926 1332 1963 Wolff
1360 1927 1442 1964 Dic
1474 1926 1650 1976 Spraclze
1680 1928 1715 1964 d.
1744 1928 1835 1965 Tac.
1862 1940 1901 1977 p.
1924 1927 1979 1965 24

390 1992 431 2030 J.
456 1992 501 2029 P.
526 1991 764 2041 Lagergren
784 1992 847 2030 De
869 2021 876 2029 .
901 2022 909 2029 .
934 2022 941 2029 .
966 1992 1098 2030 elocut.
1123 1992 1162 2030 C.
1182 1992 1332 2040 Plinii,
1357 1992 1519 2042 Upsala
1539 1993 1646 2032 1872
1667 2006 1706 2043 p.
1725 1993 1804 2031 168
1845 1993 1975 2045 Nipp.

389 2058 472 2095 and
493 2058 717 2095 Furneaux
740 2058 793 2096 ad
813 2057 922 2096 Ann.
945 2058 1050 2096 XIV
1070 2058 1133 2096 53.

445 2124 468 2162 8
500 2135 690 2174 pugnare
720 2124 766 2162 in
798 2124 982 2174 proelio:
1033 2124 1201 2162 Tacitus
1237 2124 1381 2162 avoids
1416 2125 1488 2163 the
1523 2125 1656 2174 figura
1688 2125 1977 2176 etymologica,

389 2202 443 2227 on
463 2189 603 2227 which
624 2202 692 2227 see
714 2202 745 2228 c.
769 2189 821 2227 22
844 2194 896 2227 17.
911 2214 966 2218 -
980 2190 1242 2229 constantiae
1263 2189 1271 2204 ³
1288 2189 1650 2239 self·possession.²
1703 2191 1820 2230 Used
1840 2191 1887 2230 of
1904 2191 1978 2230 the

389 2259 529 2294 orator
550 2268 582 2294 e.
603 2269 638 2305 g.
661 2256 717 2306 by
738 2255 889 2294 Ascon.
913 2255 958 2292 in
978 2255 1126 2293 Milon.
1150 2268 1188 2305 p.
1211 2255 1276 2293 42.
1302 2255 1383 2303 Or.,
1406 2255 1518 2294 cited
1538 2268 1569 2294 c.
1593 2257 1645 2295 37
1666 2262 1720 2296 27.

446 2322 497 2360 10
529 2322 575 2361 in
599 2322 738 2361 media
762 2322 876 2361 luce:
918 2321 992 2359 ‘In
1019 2321 1092 2360 the
1122 2321 1205 2359 full
1233 2321 1343 2370 light
1372 2322 1418 2359 of
1446 2322 1680 2373 publicity.’
1729 2323 1769 2361 A
1788 2335 1978 2362 common

390 2388 621 2438 metaphor.
682 2388 745 2427 Cf.
769 2400 801 2426 e.
822 2401 857 2437 g.
882 2387 965 2427 Cic.
988 2388 1106 2426 Brut.
1129 2388 1166 2435 8,
1188 2387 1241 2426 32
1282 2387 1440 2425 forensi
1479 2388 1570 2426 luce
1610 2389 1745 2427 caruit
1783 2389 1977 2440 intraque

389 2454 572 2504 parietes
604 2454 711 2492 aluit
741 2466 831 2492 eam
861 2454 1048 2503 gloriam,
1072 2466 1196 2504 quam
1226 2466 1347 2492 nemo
1369 2483 1376 2492 .
1402 2484 1409 2492 .
1434 2484 1441 2492 .
1465 2457 1529 2492 est
1556 2458 1702 2504 postea
1731 2458 1976 2494 consecutus

390 2521 440 2558 de
463 2533 547 2558 sen.
570 2521 608 2568 4,
632 2521 683 2558 12
734 2520 874 2566 Quint.
899 2521 921 2558 I
942 2520 979 2568 2,
1002 2521 1053 2559 18
1085 2523 1183 2558 ante
1212 2520 1352 2558 omnia
1381 2520 1549 2558 futurus
1579 2525 1718 2559 orator
1748 2521 1815 2560 cui
1837 2551 1844 2559 .
1869 2552 1876 2559 .
1900 2552 1908 2560 .
1932 2521 1977 2559 in

389 2586 528 2624 media
557 2586 618 2624 rei
647 2586 839 2637 publicae
869 2586 961 2624 luce
985 2586 1213 2624 vivendum
1243 2589 1319 2634 est,
1342 2586 1561 2624 adsuescat
1582 2617 1589 2624 .
1614 2617 1622 2624 .
1645 2617 1653 2625 .
1677 2600 1761 2625 non
1790 2587 1978 2626 reformi-

390 2653 488 2690 dare
509 2652 700 2690 homines
721 2665 856 2702 neque
877 2652 953 2690 illa
973 2651 1163 2690 solitaria
1183 2655 1224 2690 et
1245 2652 1362 2690 velut
1381 2652 1614 2690 umbratica
1633 2653 1724 2691 vita
1748 2653 1976 2704 pallescere

389 2719 480 2756 XII
501 2718 538 2766 2,
562 2719 586 2756 8
616 2718 662 2755 in
681 2718 759 2756 hac
780 2718 864 2756 fori
884 2718 977 2757 luce
1007 2719 1090 2756 and
1119 2718 1327 2769 similarly
1349 2718 1431 2757 Cic.
1455 2718 1505 2756 de
1525 2718 1604 2767 leg.
1627 2719 1699 2756 III
1721 2720 1758 2767 6,
1781 2720 1833 2757 14
1857 2719 1979 2758 mira-

389 2784 533 2822 biliter
566 2784 799 2822 doctrinam
832 2797 884 2822 ex
915 2784 1169 2823 umbraculis
1204 2784 1462 2822 eruditorum
1496 2797 1579 2821 non
1613 2785 1734 2823 modo
1769 2785 1813 2822 in
1847 2784 1977 2824 solem

390 2854 515 2900 atque
537 2849 582 2887 in
606 2850 823 2900 pulverem
854 2851 926 2888 sed
957 2850 1001 2887 in
1030 2850 1170 2900 ipsum
1199 2849 1425 2888 discrimen
1454 2849 1667 2900 aciemque
1697 2851 1980 2900 produxit.—
