2262 3224
1063 217 1101 250 c.
1129 219 1182 250 26.
1210 218 1264 250 27.
1869 206 1955 248 273

352 335 390 375 is
411 335 529 388 quite
548 334 715 386 willing
733 337 778 374 to
798 335 978 374 concede
999 334 1066 374 his
1088 334 1333 386 inferiority
1353 337 1398 373 to
1418 347 1443 373 a
1464 333 1725 380 Gabinianus
1747 346 1793 373 as
1814 346 1892 372 one
1914 334 1959 372 of

353 402 428 442 the
449 402 687 441 illustrious
708 401 1065 452 representatives
1086 401 1133 441 of
1151 401 1224 440 the
1246 401 1422 440 modern
1442 401 1666 440 oratorical
1689 401 1811 439 ideal.
1868 401 1959 439 The

355 469 365 486 ‘
379 469 478 509 sed'
499 469 640 509 clause
661 469 698 508 is
719 469 856 508 added
876 472 951 508 not
972 468 1074 520 Only
1094 472 1139 507 to
1160 468 1398 519 stigmatise
1420 468 1493 507 the
1516 481 1711 519 perverse
1736 468 1960 520 judgment

354 536 402 576 of
418 536 540 576 these
556 535 836 576 ‘scholastici'
853 536 958 574 with
979 536 1130 586 regard
1149 539 1194 574 to
1211 535 1356 576 Cicero
1378 535 1453 574 but
1474 535 1563 574 also
1581 539 1626 574 to
1647 535 1825 574 ridicule
1846 535 1960 574 their

323 656 325 658 Ι
354 603 636 655 exaggerated
654 603 850 642 estimate
871 602 918 642 of
939 602 1213 642 Gabinianus.
1266 602 1335 640 An
1356 601 1612 652 interesting
1631 601 1894 641 illustration
1915 602 1962 641 of

354 670 443 710 this
464 669 647 710 attitude
663 669 700 709 is
716 669 943 708 furnished
957 669 1014 721 by
1032 669 1126 708 Sen.
1146 669 1287 709 Contr.
1307 669 1379 707 III
1395 668 1527 720 praef.
1547 669 1683 708 14-17
1705 669 1787 707 nisi
1810 669 1961 708 scirem

359 736 549 793 (Cassius
581 736 777 788 Severus)
811 739 854 775 et
883 735 1123 775 Pollionem
1152 735 1351 774 Asinium
1381 739 1424 774 et
1455 735 1701 774 Messallam
1733 735 1962 775 Corvinum

356 807 400 843 et
428 803 692 852 Passienum,
724 803 797 854 qui
827 815 938 842 nunc
970 802 1107 853 primo
1142 802 1234 841 loco
1255 806 1354 851 stat,
1376 802 1516 841 minus
1537 802 1643 840 bene
1665 802 1801 841 videri
1824 802 1962 841 dicere

359 882 484 921 quam
504 870 693 911 Cestium
715 874 788 909 aut
813 871 1040 908 Latronem
1063 900 1071 908 .
1096 900 1103 908 .
1127 899 1136 909 .
1159 882 1243 908 non
1275 869 1341 907 illi
1371 869 1491 920 peius
1523 869 1670 907 dicunt
1701 869 1775 908 sed
1804 869 1849 907 hi
1879 882 1965 908 cor-

357 936 525 988 ruptius
556 936 774 976 iudicant.
801 967 808 975 .
832 966 841 974 .
864 936 910 974 hi
940 949 1025 975 non
1054 939 1221 975 tantum
1252 935 1547 974 disertissimis
1578 935 1682 974 viris
1714 949 1817 986 quos
1839 936 1964 987 paulo

358 1006 456 1043 ante
491 1003 652 1053 rettuli,
690 1003 876 1043 Cestium
914 1016 1035 1041 suum
1070 1003 1319 1054 praeferunt
1355 1003 1429 1041 sed
1463 1002 1592 1041 etiam
1625 1002 1817 1042 Ciceroni
1849 1016 1965 1054 prae-

358 1070 521 1109 ferrent
540 1069 625 1109 nisi
644 1070 808 1121 lapides
839 1070 1064 1119 timerent;
1095 1069 1222 1108 huius
1253 1069 1366 1108 enim
1398 1069 1725 1108 declamationes
1756 1070 1963 1118 ediscunt,

359 1136 476 1176 illius
517 1137 728 1177 orationes
768 1150 852 1176 non
892 1137 1040 1187 legunt
1078 1136 1163 1175 nisi
1203 1144 1286 1175 eas'
1314 1136 1468 1187 quibus
1514 1136 1681 1176 Cestius
1732 1136 1962 1187 rescripsit.

358 1203 534 1243 memini
553 1216 619 1243 me
640 1203 799 1243 intrare
821 1203 1007 1242 scholam
1029 1203 1133 1252 eius,
1151 1216 1245 1242 cum
1267 1203 1521 1242 recitaturus
1543 1206 1655 1241 esset
1672 1203 1716 1241 in
1733 1203 1964 1253 Milonem,

360 1271 526 1311 Cestius
562 1284 615 1310 ex
646 1271 951 1311 consuetudine
987 1283 1064 1310 sua
1097 1270 1276 1309 miratus
1310 1270 1500 1309 dicebat:
1544 1270 1581 1308 si
1614 1270 1781 1309 Thraex
1814 1283 1964 1320 essem,

359 1337 515 1377 Fusius
545 1351 704 1388 essem3
737 1338 774 1377 si
803 1337 1088 1389 pantomimus
1119 1350 1267 1386 essem,
1299 1337 1527 1388 Bathyllus
1559 1349 1718 1386 essem3
1751 1337 1787 1376 si
1818 1351 1964 1388 equus,

360 1404 566 1445 Melissio.
589 1418 673 1444 non
693 1404 885 1444 continui
904 1404 1034 1443 bilem
1055 1407 1098 1443 et
1119 1403 1378 1443 exclamavi:
1410 1403 1446 1442 si
1468 1403 1610 1442 cloaca
1633 1417 1760 1452 esses,
1782 1404 1966 1443 maxima

359 1483 473 1511 esses
495 1502 503 1510 .
529 1502 537 1510 .
560 1502 568 1510 .
594 1471 683 1511 dixi
714 1471 940 1510 molestum
968 1484 1034 1510 me
1065 1470 1248 1521 amplius
1278 1483 1364 1509 non
1394 1470 1599 1519 futurum,
1623 1470 1659 1509 si
1685 1470 1865 1510 iurasset
1890 1474 1963 1526 (sc.

360 1537 546 1591 Cestius)
569 1538 819 1577 disertiorem
840 1552 921 1577 esse
948 1538 1178 1577 Ciceronem
1198 1551 1323 1588 quam
1343 1551 1394 1575 se.
1418 1549 1494 1576 nec
1523 1537 1601 1576 hoc
1631 1541 1679 1575 ut
1710 1537 1869 1576 faceret
1897 1538 1966 1576 vel

359 1604 450 1644 ioco
469 1605 539 1644 vel
560 1605 670 1644 serio
691 1605 797 1644 effici
819 1605 971 1656 potuit.

415 1672 470 1712 34
499 1673 662 1712 fracta·
685 1698 691 1705 -
714 1698 721 1705 -
744 1673 987 1712 deminuta:
1037 1672 1174 1711 These
1213 1675 1344 1710 terms
1385 1684 1455 1710 are
1496 1671 1745 1723 frequently
1779 1673 1967 1723 grouped

358 1739 565 1789 together,
583 1752 617 1779 e.
635 1753 671 1790 g.
690 1739 774 1779 Cic.
793 1740 912 1778 Brut.
932 1739 998 1788 83,
1017 1739 1098 1778 287
1116 1739 1219 1790 quid
1239 1742 1304 1778 est
1324 1742 1411 1777 tam
1433 1738 1628 1791 fractum,
1646 1742 1734 1777 tam
1755 1738 1967 1777 minutum

359 1805 411 1844 de
432 1805 500 1845 off.
523 1806 572 1844 ΙΙ
594 1806 659 1855 11,
681 1806 735 1844 40
767 1819 892 1857 quem
914 1806 956 1846 C.
981 1805 1153 1844 Laelius
1176 1837 1183 1844 .
1208 1836 1215 1844 .
1241 1836 1249 1844 .
1273 1805 1404 1855 fregit
1425 1808 1467 1843 et
1488 1805 1737 1844 comminuit
1777 1806 1894 1845 Verr.
1920 1806 1967 1844 ΙΙ

359 1872 398 1922 4,
413 1874 479 1922 25,
489 1874 542 1912 56
565 1873 727 1912 fractus
749 1876 791 1912 et
812 1873 1095 1912 comminutus
1117 1876 1181 1911 est
1226 1872 1369 1918 Quint.
1392 1872 1484 1911 XII
1507 1873 1572 1921 11,
1595 1872 1619 1910 2
1642 1872 1794 1923 quibus
1816 1873 1966 1912 fractis

360 1942 434 1978 aut
465 1939 702 1979 imminutis
743 1941 810 1979 IX
831 1941 869 1989 4,
892 1940 973 1979 113
1003 1939 1181 1978 minutis
1217 1939 1412 1991 passibus
1446 1939 1661 1989 frangunt.
1724 1939 1787 1979 Cf.
1820 1939 1910 1978 also
1932 1953 1964 1979 c.

359 2005 413 2045 39
437 2011 469 2045 8.
531 2007 596 2047 On
622 2007 696 2046 the
719 2006 1009 2058 orthography
1029 2006 1075 2045 of
1095 2006 1353 2045 ‘deminuta'
1376 2018 1438 2056 cp.
1463 2006 1660 2056 Georges,
1684 2005 1871 2045 Lexicon
1893 2007 1967 2045 der

359 2071 431 2111 lat.
455 2073 746 2112 Wortformen
768 2086 798 2112 s.
822 2087 859 2112 V.

416 2139 483 2180 2¹7.
533 2140 557 2179 1
589 2152 738 2192 parce:
769 2140 853 2179 ‘let
873 2140 968 2179 that
989 2140 1114 2192 pass)

414 2206 440 2244 4
471 2207 645 2248 solitum
669 2210 855 2248 tractare
880 2207 1054 2247 dixisti:
1094 2207 1171 2246 viz,
1195 2220 1229 2246 0.
1257 2207 1309 2246 15
1332 2214 1384 2245 12.
1403 2232 1459 2236 -
1474 2207 1602 2257 plane
1626 2207 1794 2247 mitior:
1836 2208 1966 2258 plane

358 2271 465 2311 with
494 2274 779 2326 comparative
811 2274 856 2312 in
885 2274 958 2313 the
986 2286 1107 2313 sense
1129 2273 1176 2312 of
1205 2273 1382 2312 ‘multo'
1415 2273 1450 2312 is
1482 2273 1713 2325 especially
1735 2274 1967 2313 character-

359 2337 458 2379 istic
473 2340 520 2378 of
539 2341 789 2380 Tertullian.
838 2341 910 2392 Cp.
926 2340 1154 2389 Woelfflin,
1172 2340 1324 2378 Archiv
1341 2340 1363 2378 Ι
1385 2341 1438 2379 93
1453 2340 1495 2379 ff.
1514 2341 1566 2379 57
1570 2341 1607 2380 4.
1641 2340 1755 2379 Here
1766 2340 1829 2372 =²
1840 2341 1967 2380 clear-

357 2404 430 2456 ly,’
452 2418 521 2446 see
542 2411 641 2447 note
663 2420 695 2447 0.
718 2408 772 2447 26
793 2413 848 2447 32.
908 2407 1031 2446 With
1050 2407 1123 2446 the
1146 2406 1332 2458 stylistic
1357 2407 1466 2445 form
1488 2407 1534 2445 of
1562 2407 1635 2445 the
1667 2410 1876 2456 sentence,
1900 2421 1961 2459 cp.

358 2489 391 2515 0.
415 2474 468 2513 35
487 2480 528 2512 14
550 2475 681 2525 plane
702 2475 869 2514 leviores
889 2477 932 2513 et
952 2474 1090 2512 minus
1110 2473 1361 2525 prudentiae
1384 2474 1596 2524 eaeiyentes.
1657 2474 1804 2512 Mitior
1824 2487 1878 2513 sc.
1903 2475 1962 2515 ὤν.

359 2542 424 2583 Cf.
446 2545 545 2580 note
567 2554 599 2581 c.
623 2543 648 2581 9
669 2548 722 2580 20.

413 2609 438 2648 5
470 2611 719 2660 antequam·
738 2634 746 2642 -
764 2634 771 2641 -
790 2608 1040 2648 offenderet:
1063 2608 1128 2648 On
1143 2607 1231 2646 this
1250 2607 1417 2659 imperf.
1434 2607 1541 2659 subj.
1558 2607 1670 2646 after
1687 2607 1963 2659 ‘antequam,’

357 2675 564 2726 although
583 2675 656 2714 the
687 2675 828 2715 clause
858 2675 895 2714 is
926 2678 1001 2714 not
1028 2674 1211 2726 directly
1233 2675 1473 2726 dependent
1504 2687 1619 2725 upon
1650 2674 1723 2713 the
1754 2675 1964 2726 principal

357 2742 471 2791 verb,
494 2742 548 2781 cf.
571 2742 627 2781 H.
651 2742 699 2780 II
720 2742 773 2781 96
804 2741 1038 2791 nuntiatur,
1061 2741 1203 2780 missis
1230 2741 1442 2792 epistulis,
1464 2745 1691 2792 antequam
1721 2742 1965 2792 adgregare-

356 2813 426 2848 tur
466 2809 529 2849 IV
549 2809 602 2848 52
624 2808 769 2847 Titum
789 2812 1017 2859 antequam
1037 2807 1329 2858 digrederetur
1351 2839 1359 2846 .
1380 2838 1387 2846 .
1408 2838 1415 2846 .
1439 2820 1579 2846 orasse
1601 2808 1738 2846 fertur
1778 2810 1801 2847 7
1806 2809 1829 2847 9
1851 2809 1962 2848 unde

357 2880 494 2915 metus
525 2879 567 2914 et
602 2875 739 2914 iustae
774 2888 920 2926 preces
960 2874 1250 2914 invocantium
1290 2878 1517 2925 antequam
1552 2874 1840 2924 accingeretur
1879 2876 1961 2914 and

356 2942 465 2992 Ihm,
503 2942 664 2991 Quae-st.
691 2942 804 2993 Synt.
828 2955 867 2993 p.
890 2942 943 2980 45
960 2941 1004 2980 ff.
