2262 3224
359 222 445 263 242
1066 233 1225 266 NOTEs

356 349 692 399 representation
712 362 767 388 on
787 349 859 388 the
889 352 987 400 part
1007 349 1053 387 of
1082 349 1207 399 Aper.
1269 349 1345 388 See
1376 349 1555 389 Cicero's
1579 363 1673 389 own
1702 355 1944 402 statement,

355 415 474 453 Brut.
498 416 563 463 93,
585 415 666 454 322
687 427 808 453 nemo
829 414 903 465 qui
924 415 978 453 ad
1008 414 1267 453 iracundiam
1287 428 1437 465 magno
1458 428 1581 466 opere
1611 416 1802 466 iudicem,
1823 431 1946 457 nemo

356 480 429 531 qui
460 481 512 519 ad
541 481 685 519 fletum
707 485 849 531 posset
869 481 1086 530 adducere,
1108 494 1229 519 nemo
1249 480 1323 532 qui
1352 481 1538 520 animum
1562 482 1664 531 eius,
1686 484 1797 534 quod
1815 497 1946 523 unum

355 551 421 585 est
442 546 619 602 oratoris
640 546 820 585 maxime
841 546 1070 597 proprium,
1093 559 1354 598 quocumque
1375 560 1440 586 res
1461 548 1706 598 postularet,
1728 548 1944 600 impellere

357 612 470 652 Orat.
493 613 559 661 37,
582 613 662 651 129
683 625 833 662 magno
854 625 1018 663 semper
1038 612 1105 651 usi
1136 612 1309 664 impetu,
1332 625 1455 664 saepe
1476 614 1737 653 adversarios
1759 615 1809 654 de
1830 619 1945 655 statu

355 678 469 717 omni
490 678 715 717 deiecimus
737 709 745 717 .
770 709 778 717 .
802 709 810 717 .
835 678 938 729 quid
966 691 1042 728 ego
1072 679 1123 717 de
1143 678 1481 718 miserationibus
1512 679 1659 730 loquar
1674 681 1694 719 ἶ)
1725 681 1875 731 quibus
1897 694 1945 720 eo

356 757 447 783 sum
475 757 575 783 usus
606 744 809 795 pluribus,
832 745 955 795 quod,
978 745 1107 783 etiam
1136 744 1173 783 si
1203 744 1343 795 plures
1365 745 1617 794 dicebamus,
1638 747 1946 796 perorationem

355 811 460 849 mihi
491 815 634 849 tamen
664 823 808 849 omnes
841 811 1147 861 relinquebant,
1170 811 1215 849 in
1245 824 1326 862 quo
1352 815 1400 850 ut
1426 811 1592 850 viderer
1624 813 1828 852 excellere
1861 826 1946 852 non

355 877 525 927 ingenio
556 877 629 916 sed
660 877 803 916 dolore
834 877 1092 928 adsequebar
1125 890 1230 928 quae
1257 907 1264 916 .
1289 907 1297 915 .
1320 908 1328 916 .
1356 882 1560 928 apparent
1594 878 1639 916 in
1673 879 1944 928 orationibus,

355 943 436 981 etsi
466 947 610 982 carent
640 943 739 981 libri
770 943 923 994 spiritu
954 943 1028 981 illo
1058 947 1229 994 propter
1257 956 1379 994 quem
1400 943 1560 982 maiora
1580 945 1723 983 eadem
1754 945 1830 984 illa
1851 958 1945 984 cum

355 1013 537 1059 aguntur
567 1022 673 1060 quae
696 1022 789 1048 cum
819 1009 1017 1059 leguntur
1037 1009 1173 1047 videri
1203 1009 1340 1048 solent
1362 1040 1369 1048 .
1394 1040 1401 1048 .
1426 1041 1433 1048 .
1458 1010 1575 1048 nulla
1604 1023 1668 1048 me
1699 1010 1842 1060 ingeni
1870 1012 1946 1050 sed

355 1088 506 1126 magna
525 1075 590 1114 vis
611 1075 741 1114 animi
771 1075 1017 1124 inflammat,
1038 1078 1086 1114 ut
1106 1088 1171 1114 me
1201 1075 1290 1126 ipse
1318 1089 1401 1114 non
1430 1079 1619 1126 teneam;
1650 1089 1726 1116 nec
1746 1090 1945 1128 umquam

355 1141 390 1180 is
432 1141 504 1192 qui
534 1141 665 1190 audit,
697 1141 991 1180 incenderetur
1029 1141 1112 1180 nisi
1142 1142 1291 1180 ardens
1322 1142 1375 1180 ad
1404 1155 1499 1180 eum
1528 1142 1768 1192 perveniret
1796 1143 1942 1182 oratio.
2002 1165 2004 1167 ·

354 1207 494 1253 Quint.
519 1209 561 1246 X
581 1208 618 1256 1,
642 1208 722 1247 107
744 1207 789 1246 of
819 1207 962 1247 Cicero
988 1211 1050 1262 (as
1072 1208 1293 1258 compared
1312 1208 1418 1246 with
1439 1208 1764 1261 Demosthenes)
1785 1209 1944 1248 salibus

354 1278 466 1312 certe
489 1279 531 1312 et
552 1274 927 1322 commiseratione,
950 1286 1055 1324 quae
1083 1274 1164 1312 duo
1193 1274 1420 1324 plurimum
1447 1274 1491 1312 in
1523 1274 1760 1313 adfectibus
1787 1275 1943 1325 valent,

354 1340 561 1379 vincimus
613 1340 725 1378 Plut.
745 1340 828 1379 Cic.
851 1341 876 1378 3
907 1342 979 1379 ὑπὸ
1003 1339 1041 1378 δὲ
1061 1343 1129 1378 τοῦ
1159 1340 1279 1391 λόγου
1299 1339 1548 1391 σφοδρότητα
1569 1341 1627 1379 καὶ
1654 1341 1771 1382 πάθος
1794 1343 1946 1393 ἔχοντος

354 1408 407 1446 39
440 1409 460 1446 ὁ
481 1407 652 1458 Κικέρων
679 1409 878 1457 ὑπερφυῶς
910 1407 1017 1445 ε’κίνει
1038 1406 1096 1444 καὶ
1125 1408 1351 1456 προύβαινεν
1368 1409 1470 1458 αὐτῷ
1489 1407 1596 1445 πάθει
1626 1424 1668 1445 τε
1691 1408 1863 1448 ποικίλος
1885 1408 1945 1446 καὶ

353 1475 480 1525 χάριτι
502 1473 716 1523 θαυμαστὸς
747 1474 767 1511 ὁ
796 1471 915 1524 λόγος
939 1474 1032 1526 (pro
1061 1470 1248 1522 Ligario)
1272 1473 1419 1512 πολλὰς
1445 1474 1513 1521 μὲν
1531 1472 1621 1511 ι”ἷναι
1649 1471 1766 1524 χρόας
1795 1473 1856 1513 ἐπὶ
1876 1476 1946 1512 τοῦ

354 1540 562 1590 προσώπου
582 1541 649 1578 τὸν
669 1539 854 1589 Καίσαρα.

410 1605 462 1643 13
493 1605 619 1656 pauci
643 1616 787 1644 sensus
819 1607 916 1654 apte
936 1607 1043 1642 etc:
1080 1602 1182 1641 This
1218 1603 1254 1641 is
1290 1603 1378 1642 also
1411 1603 1532 1654 flatly
1566 1604 1855 1643 contradieted
1887 1605 1944 1657 by

355 1670 437 1710 Cic.
475 1670 588 1710 Orat.
622 1671 688 1719 50,
722 1670 802 1709 168
833 1682 949 1708 meae
974 1672 1045 1724 (sc.
1082 1669 1311 1721 orationes)
1344 1669 1513 1719 quidem
1546 1672 1588 1708 et
1620 1670 1807 1720 perfecto
1840 1683 1946 1710 com-

353 1737 564 1788 pletoque,
584 1736 806 1774 verborum
838 1735 999 1774 ambitu
1031 1735 1214 1785 gaudent
1246 1738 1288 1773 et
1318 1738 1436 1773 curta
1468 1735 1656 1773 sentiunt
1690 1748 1765 1774 nec
1801 1740 1944 1775 amant

352 1802 643 1841 redundantia.
677 1802 779 1852 quid
800 1801 893 1840 dico
913 1814 1026 1839 meas
1040 1803 1060 1839 ?
1091 1800 1304 1840 contiones
1326 1813 1449 1851 saepe
1470 1801 1703 1840 exclamare
1727 1801 1825 1851 vidi,
1848 1815 1942 1841 cum

353 1875 445 1918 apte
467 1868 595 1907 verba
615 1868 876 1906 cecidissent.
910 1867 954 1905 id
974 1867 1086 1905 enim
1106 1870 1330 1918 expectant
1349 1879 1483 1916 aures,
1499 1870 1547 1905 ut
1563 1867 1701 1905 verbis
1723 1867 1944 1917 colligetur

352 1934 574 1973 sententia.
608 1947 692 1972 non
712 1937 804 1972 erat
824 1933 902 1972 hoc
923 1933 1032 1983 apud
1053 1933 1248 1983 antiquos
1274 1932 1316 1988 (i.
1336 1945 1369 1972 e.
1392 1933 1465 1971 the
1487 1933 1649 1971 Roman
1670 1936 1830 1972 orators
1855 1946 1945 1984 pre-

352 2000 502 2051 ceding
539 2000 700 2051 Cicero)
737 2000 829 2038 Sen.
854 2000 931 2050 Ep.
962 1999 1054 2047 100,
1086 2001 1110 2038 7
1140 1998 1280 2038 omnia
1311 1999 1422 2049 apud
1454 1998 1696 2039 Ciceronem
1730 1999 1941 2049 desinunt,

351 2068 462 2118 apud
483 2066 719 2104 Pollionem
737 2067 892 2104 cadunt
909 2065 1094 2116 exceptis
1115 2065 1381 2116 paucissimis
1398 2077 1502 2115 quae
1525 2065 1577 2103 ad
1593 2069 1752 2103 certum
1773 2066 1942 2104 modum

351 2164 359 2172 .
398 2164 405 2172 .
444 2164 451 2172 .
484 2133 689 2172 adstricta
725 2137 834 2179 suut,
877 2132 948 2182 Cp.
973 2131 1061 2170 also
1083 2131 1166 2171 Cic.
1191 2131 1303 2170 Orat.
1326 2131 1505 2179 52,174.
1538 2132 1603 2179 53,
1626 2132 1677 2170 17
1682 2134 1717 2170 7.
1750 2132 1815 2180 57,
1847 2132 1938 2170 191.

351 2201 415 2248 70,
433 2200 513 2238 232
531 2199 559 2237 f.
594 2199 658 2247 71,
682 2199 776 2246 236,
800 2198 904 2236 with
927 2197 1103 2248 Sandys'
1125 2201 1256 2235 notes.
1271 2222 1323 2227 —
1340 2209 1433 2237 cum
1466 2198 1644 2249 quodam
1677 2198 1838 2238 lumine
1861 2201 1943 2238 ter·

350 2267 589 2305 minantur:
622 2265 766 2304 Cicero
788 2264 1032 2315 repeatedly
1054 2264 1222 2302 teaches
1243 2263 1338 2302 that
1362 2276 1415 2302 an
1436 2267 1575 2301 orator
1602 2264 1753 2302 should
1782 2264 1940 2303 bestow

351 2336 467 2381 great
488 2344 580 2370 care
601 2344 715 2381 upon
735 2331 959 2369 rhetorical
983 2330 1333 2369 embellishment.
1384 2329 1447 2369 Cf.
1471 2342 1504 2367 e.
1524 2343 1559 2379 g.
1583 2330 1632 2368 de
1654 2334 1756 2368 orat.
1779 2330 1851 2368 III
1872 2331 1938 2379 52,

349 2399 428 2437 201
460 2402 524 2437 est
546 2398 665 2448 quasi
686 2398 916 2437 luminibus
939 2398 1238 2448 distinguenda
1259 2401 1300 2435 et
1321 2397 1630 2447 frequentanda
1650 2397 1790 2436 omnis
1805 2397 1941 2436 oratio

350 2464 655 2503 sententiarum
675 2468 718 2503 et
739 2465 960 2503 verborum
992 2465 1103 2504 Orat.
1130 2465 1194 2513 54,
1218 2464 1295 2502 181
1314 2463 1343 2501 f.
1376 2463 1442 2511 25,
1464 2464 1528 2502 83.
1552 2464 1617 2512 39,
1641 2464 1720 2502 134
1734 2464 1763 2501 f.
1797 2463 1937 2509 Quint.

350 2531 415 2569 IX
436 2531 473 2579 1,
495 2531 560 2569 25.
583 2532 620 2579 4,
644 2533 707 2570 67.
750 2532 834 2570 But
866 2532 980 2570 what
1011 2531 1117 2569 with
1138 2532 1210 2570 the
1232 2531 1348 2569 older
1369 2533 1529 2568 orators
1559 2530 1643 2568 had
1669 2530 1774 2568 been
1794 2530 1894 2581 only
1915 2542 1941 2568 a

350 2609 492 2635 means
513 2601 557 2635 to
578 2610 631 2636 an
652 2599 744 2644 end,
767 2598 851 2636 had
871 2597 915 2635 in
937 2598 1009 2636 the
1036 2597 1246 2648 speaker’s
1278 2597 1359 2647 day
1378 2596 1545 2635 become
1567 2608 1619 2634 an
1640 2596 1722 2634 end
1741 2595 1786 2634 in
1806 2595 1936 2634 itself.

352 2663 427 2701 See
462 2664 553 2702 Seu.
588 2665 663 2715 Ep.
698 2665 789 2711 100,
819 2665 843 2702 8
875 2664 992 2702 deest
1027 2663 1113 2701 illis
1150 2662 1354 2701 oratorius
1390 2662 1508 2711 vigor
1542 2661 1798 2712 stimulique,
1835 2673 1939 2712 quos

350 2730 515 2781 quaeris
538 2734 580 2768 et
602 2730 730 2768 subiti
752 2730 860 2768 ictus
883 2729 1188 2767 sententiarum
1237 2728 1376 2774 Quint.
1399 2728 1510 2766 VIII
1531 2727 1568 2774 5,
1591 2727 1627 2764 2.
1652 2727 1703 2765 13
1734 2728 1808 2765 sed
1827 2740 1938 2766 nunc

351 2796 467 2834 aliud
487 2795 647 2842 volunt,
669 2799 716 2834 ut
746 2807 889 2834 omnes
922 2807 1067 2833 sensus
1098 2794 1142 2831 in
1170 2794 1251 2832 fine
1273 2792 1474 2832 sermonis
1496 2792 1623 2830 feriat
1644 2805 1785 2830 aurem
1824 2793 1862 2837 4,
1885 2793 1937 2830 32

353 2874 479 2912 quare
509 2861 610 2900 licet
638 2861 740 2900 haec
771 2864 812 2899 et
843 2860 977 2899 nitere
1005 2863 1047 2898 et
1067 2859 1332 2910 aliquatenus
1354 2861 1518 2897 exstare
1539 2857 1774 2906 videantur,
1796 2861 1938 2896 tamen
