2262 3224
1020 218 1058 251 o.
1086 217 1118 250 9.
1777 205 1862 248 121

261 334 392 376 Acad.
415 334 463 374 II
484 335 551 383 25,
573 335 626 373 80
648 333 818 383 Desine,
836 345 1004 384 quaeso,
1022 332 1313 373 communibus
1333 332 1438 372 locis
1463 347 1470 371 :
1502 332 1615 372 domi
1641 333 1762 373 nobis
1784 333 1868 374 ista

260 405 494 442 nascuntur
523 401 588 441 ad.
629 401 729 440 fam.
752 401 820 439 IX
851 401 890 450 3,
926 400 952 439 2
983 400 1058 439 sed
1087 399 1191 451 quid
1219 412 1296 450 ego
1322 412 1434 439 nunc
1458 399 1560 439 haec
1591 400 1645 439 ad
1670 403 1726 450 te,
1749 401 1867 440 cuius

262 467 378 508 domi
406 471 638 508 nascuntur
667 467 721 506 ad
741 466 830 506 Att.
864 467 887 505 I
920 467 985 516 19,
1007 467 1034 506 3
1059 467 1230 506 Petron.
1253 466 1320 516 38,
1343 466 1367 505 1
1399 466 1541 506 omnia
1561 467 1672 506 domi
1695 480 1869 506 nascun-

261 539 333 575 tur
354 535 448 575 Sen.
470 535 548 586 Ep.
571 534 638 584 23,
660 535 686 574 3
716 533 812 573 volo
833 533 950 573 illam
972 532 1052 573 tibi
1080 533 1194 573 domi
1214 533 1343 573 nasci.
1405 533 1622 585 Similarly
1644 534 1727 574 Cic.
1752 534 1865 574 Orat.

261 602 329 652 38,
361 602 441 642 132
475 605 618 641 uterer
649 600 856 652 exemplis
888 600 1131 640 domesticis
1153 631 1161 640 .
1185 631 1194 640 .
1218 631 1227 640 .
1249 604 1392 639 uterer
1422 599 1572 639 alienis
1601 601 1651 640 de
1680 604 1783 640 orat.
1820 602 1868 640 II

262 670 302 718 9,
323 669 376 709 38
397 667 482 708 nisi
512 667 754 708 domesticis
782 680 827 707 se
853 667 1106 707 instruxerit
1135 666 1280 719 copiis,
1304 667 1475 706 aliunde
1506 667 1675 706 dicendi
1705 668 1867 720 copiam

262 738 408 788 petere
437 748 522 775 non
553 734 689 787 possit
719 735 803 774 and
827 734 949 773 Pind.
973 735 1094 773 Nem.
1118 734 1207 774 VII
1239 735 1292 774 75
1323 734 1410 774 ὁδὸν
1430 735 1559 786 κυρίαν
1577 734 1707 788 λόγων
1726 736 1872 775 οἴκοθεν

267 802 399 859 (cited
417 802 476 855 by
496 802 618 851 Reid,
641 802 770 841 Acad.
792 801 819 840 1.
844 802 911 854 c.).
972 802 1055 840 For
1075 801 1302 852 analogous
1325 801 1592 852 expressions
1612 801 1719 840 with
1743 802 1869 851 domi,

264 869 495 921 especially
527 868 573 908 in
604 869 796 918 Plautus,
829 881 897 908 see
930 868 1048 915 Brix,
1067 869 1150 908 and
1182 867 1362 920 Tyrrell,
1395 867 1487 908 Mil.
1519 868 1633 908 Glor.
1662 869 1755 918 194,
1788 870 1872 908 and

184 929 190 933 ¹
265 936 379 986 Otto,
401 937 484 976 Die
507 936 804 987 Sprichwo'rter
823 939 900 975 etc.
925 949 963 987 p.
987 936 1082 985 120,
1103 936 1141 975 3.

322 1004 376 1043 14
406 1003 578 1055 pulchri
609 1002 1026 1055 quidem=pulchri
1060 1002 1127 1041 illi
1161 1001 1343 1053 quidem.
1419 1002 1483 1043 Cf.
1518 1006 1617 1042 note
1653 1015 1685 1042 c.
1717 1004 1743 1042 3
1767 1009 1799 1042 8.
1818 1028 1874 1033 —

267 1071 407 1112 exitus
431 1073 495 1112 est
517 1073 579 1119 ut,
607 1080 722 1111 cum:
744 1069 753 1086 “
768 1070 857 1108 The
878 1069 1035 1121 upshot
1056 1069 1103 1108 of
1122 1069 1157 1108 it
1178 1069 1233 1108 all
1257 1069 1320 1108 is.’
1372 1070 1453 1108 For
1474 1069 1637 1109 similar
1658 1069 1872 1109 instances

266 1137 313 1178 of
333 1138 408 1178 the
428 1137 637 1189 temporal
658 1150 752 1176 cum
772 1136 879 1175 with
899 1136 1143 1186 indicative,
1165 1135 1218 1175 cf.
1239 1149 1272 1175 e.
1289 1150 1324 1187 g.
1346 1136 1394 1176 G.
1413 1136 1468 1174 24
1488 1139 1610 1175 tanta
1629 1136 1873 1176 temeritate

265 1209 327 1254 ut,
349 1218 443 1245 cum
465 1204 607 1244 omnia
627 1204 875 1243 defecerunt
897 1234 904 1242 .
929 1234 936 1242 .
960 1234 969 1242 .
993 1203 1251 1242 contendant
1272 1203 1355 1242 and
1376 1203 1486 1242 Ann.
1510 1203 1581 1241 III
1598 1204 1664 1243 30.
1683 1205 1748 1243 54.
1797 1205 1874 1244 See

266 1273 333 1312 W.
359 1272 407 1312 Gr.
431 1271 557 1321 Hale,
585 1271 687 1311 Cum
714 1271 1013 1311 Constructions
1037 1283 1076 1321 p.
1100 1270 1182 1309 204
1204 1270 1245 1308 ff.
1262 1270 1442 1309 —Note
1471 1270 1545 1309 the
1576 1269 1586 1286 ‘
1600 1271 1791 1321 gradatio
1821 1271 1874 1310 ad

267 1338 408 1378 minus
420 1339 431 1359 '
453 1338 499 1377 in
518 1342 610 1378 toto
630 1351 740 1377 anno
752 1363 809 1368 —
821 1350 973 1388 magna
992 1336 1180 1376 noctium
1200 1340 1332 1388 parte.

325 1406 378 1446 15
409 1406 602 1447 excudit:
647 1405 687 1444 A
725 1404 947 1456 metaphor
980 1404 1109 1443 taken
1145 1403 1256 1442 from
1296 1403 1370 1442 the
1410 1404 1755 1444 metal-worker’s
1796 1410 1871 1444 art.

270 1473 334 1514 Cf.
359 1472 443 1514 Cic.
466 1473 520 1512 ad
549 1472 640 1511 Att.
662 1472 745 1511 XV
765 1471 816 1510 13
849 1471 1053 1510 excudam
1084 1470 1249 1522 aliquid
1275 1469 1556 1523 *Ηρακλείδιοκ
1617 1471 1727 1510 Plin.
1752 1473 1828 1523 Ep.
1853 1473 1874 1510 I

269 1540 308 1589 3,
329 1540 356 1578 4
386 1538 534 1590 effinge
564 1538 728 1590 aliquid
757 1542 800 1577 et
829 1538 987 1577 excude
1019 1538 1132 1589 quod
1161 1537 1218 1576 sit
1246 1541 1453 1589 perpetuo
1478 1541 1610 1577 tuum.
1673 1539 1788 1578 Lact.
1824 1539 1874 1577 de

271 1606 375 1658 opif.
398 1606 422 1645 I
442 1606 468 1645 2
498 1605 618 1645 nulla
643 1618 710 1644 me
733 1604 986 1644 necessitate
1009 1635 1016 1643 .
1041 1635 1049 1643 .
1074 1635 1082 1643 .
1107 1604 1306 1656 impediri
1328 1604 1551 1655 quominus
1573 1604 1737 1656 aliquid
1758 1618 1877 1645 excu-

272 1673 380 1713 dam.
443 1672 627 1721 Salvian,
651 1672 702 1711 de
724 1671 895 1722 gubern.
914 1671 983 1710 dei
1003 1671 1143 1710 Praef.
1165 1671 1226 1727 (C.
1245 1671 1283 1710 S.
1299 1671 1346 1709 E.
1370 1671 1484 1711 VIII
1506 1685 1545 1723 p.
1570 1671 1612 1724 1)
1636 1676 1684 1711 ut
1713 1672 1875 1724 aliquid

270 1739 512 1791 linguarum
542 1751 647 1790 opus
678 1738 820 1778 studio
850 1738 1116 1789 ingeniorum
1141 1738 1408 1777 excuderent.
1472 1738 1549 1778 See
1570 1743 1667 1778 note
1689 1752 1721 1778 c.
1745 1740 1798 1778 20
1822 1746 1873 1778 13.

271 1832 329 1838 --
343 1807 613 1848 elucubravit
631 1805 738 1845 with
759 1805 916 1857 special
937 1805 1151 1844 reference
1172 1808 1217 1844 to
1238 1805 1409 1856 'magna
1428 1805 1614 1845 noctium
1637 1807 1784 1857 parte.'
1810 1807 1874 1846 Cf.

271 1873 355 1915 Cic.
377 1874 496 1913 Brut.
521 1874 587 1922 90,
609 1873 691 1913 312
722 1872 880 1911 multae
906 1875 979 1927 (sc.
1002 1872 1233 1924 orationes)
1258 1885 1362 1923 quas
1384 1885 1467 1911 non
1489 1872 1628 1911 minus
1651 1873 1877 1924 diligenter

272 1941 507 1980 elaboratas
549 1943 593 1979 et
632 1943 849 1991 tamquam
885 1939 1152 1978 elucubratas
1181 1939 1460 1978 afferebamus
1500 1940 1554 1978 ad
1582 1940 1671 1979 Att.
1705 1941 1792 1980 VII
1825 1941 1876 1980 19

272 2007 498 2060 epistolam
532 2020 659 2059 quam
694 2019 807 2046 eram
842 2006 1124 2045 elucubratus.
1185 2006 1278 2046 Val.
1316 2007 1429 2045 MaX.
1467 2007 1540 2045 III
1574 2009 1611 2055 7,
1646 2007 1668 2046 1
1701 2007 1876 2046 alterius

272 2078 497 2114 cunctante
526 2074 627 2113 stilo
648 2073 939 2113 elucubratum
960 2086 1077 2125 opus.
1140 2073 1299 2113 Colum.
1318 2074 1360 2112 X
1390 2074 1522 2125 praef.
1585 2074 1673 2113 The
1695 2074 1878 2125 simplex

272 2141 363 2181 also
390 2153 534 2181 occurs
556 2153 590 2179 e.
615 2154 651 2191 g.
676 2140 759 2181 Cic.
784 2141 933 2180 Parad.
957 2153 1139 2192 prooem.
1163 2140 1188 2179 5
1210 2153 1386 2191 parvum
1418 2141 1667 2192 opusculum
1688 2141 1879 2180 lucubrar

271 2212 363 2247 tum
384 2207 451 2247 his
482 2207 567 2247 iam
596 2207 946 2247 contractioribus
977 2207 1183 2246 noctibus.
1246 2207 1313 2247 On
1332 2207 1406 2246 the
1428 2207 1668 2256 difference,
1692 2208 1746 2246 cf.
1780 2212 1878 2247 note

271 2288 305 2314 c.
323 2276 349 2315 9
369 2281 424 2313 29.
486 2274 540 2314 So
560 2274 605 2313 in
627 2274 766 2314 Greek
787 2275 1048 2327 νυκτογραφία
1069 2287 1103 2313 e.
1127 2287 1164 2325 g.
1183 2274 1296 2312 Plut.
1316 2274 1406 2312 Pol.
1420 2275 1563 2313 Praec.
1581 2275 1662 2313 803
1679 2275 1711 2314 C
1734 2274 1875 2326 Symp.

272 2341 321 2380 ῙῙ
336 2342 417 2381 634
431 2341 481 2379 A.
526 2339 602 2378 See
623 2339 714 2379 also
735 2339 900 2380 Gallim.
919 2339 965 2378 in
986 2339 1104 2379 Atat.
1128 2340 1224 2393 (Ep.
1243 2339 1316 2393 27)
1340 2342 1546 2390 σύμβολον
1562 2342 1767 2393 ἀγρυπνίης
1796 2342 1880 2381 and

272 2407 386 2447 Plut.
409 2408 527 2447 Dem.
552 2407 604 2445 11
627 2409 677 2448 εἷς
698 2408 764 2447 τὰς
785 2406 988 2458 ἀγρυπνίας
1020 2436 1028 2444 .
1053 2436 1061 2444 .
1086 2436 1094 2444 .
1118 2423 1155 2445 τι
1185 2406 1322 2458 λέγειν.

329 2475 382 2514 16
413 2485 564 2526 rogare
587 2473 700 2513 ultro
726 2475 768 2513 et
791 2473 953 2513 ambire
973 2476 1050 2511 etc.
1069 2487 1077 2511 :
1099 2473 1204 2510 ultro
1225 2472 1336 2511 ‘into
1351 2473 1424 2512 the
1440 2473 1642 2524 bargain,⁷
1657 2475 1710 2514 cf.
1730 2489 1762 2515 c.
1781 2476 1807 2515 5
1822 2482 1878 2517 23.

273 2542 318 2580 It
346 2541 520 2592 belongs
550 2544 595 2579 to
623 2540 727 2579 both
756 2540 893 2588 verbs,
915 2551 960 2578 as
994 2539 1209 2578 indicated
1235 2539 1291 2590 by
1311 2540 1384 2578 the
1416 2540 1612 2591 position.
1675 2542 1750 2581 See
1783 2548 1879 2582 note

274 2621 306 2648 c.
327 2609 381 2647 12
398 2615 450 2647 19.
491 2607 614 2647 With
644 2607 716 2646 the
748 2610 977 2645 statement
997 2606 1128 2655 itself,
1152 2606 1205 2645 cf.
1229 2606 1339 2645 Plin.
1364 2607 1440 2658 Ep.
1466 2607 1486 2645 I
1510 2608 1575 2656 13,
1597 2608 1622 2646 2
1646 2609 1674 2647 f.
1701 2613 1743 2664 (a
1763 2610 1879 2649 locus

276 2674 476 2714 classicus
498 2687 552 2712 on
572 2674 645 2713 the
667 2674 831 2725 subject
851 2673 898 2711 of
927 2672 1191 2725 recitations)
1214 2672 1329 2712 lente
1353 2678 1682 2726 cunctanterque
1704 2677 1881 2716 veniunt

279 2744 353 2796 (sc.
377 2740 608 2793 auditores)
629 2756 638 2790 3
656 2753 745 2780 .nec
769 2744 911 2779 tamen
938 2743 1187 2791 permanent
1208 2740 1281 2779 sed
1302 2744 1400 2779 ante
1424 2740 1547 2780 finem
1569 2743 1782 2792 recedunt,
1805 2743 1879 2782 alii

276 2807 595 2847 dissimulanter
625 2811 668 2846 et
698 2807 860 2854 furtim,
898 2806 971 2846 alii
1008 2806 1260 2858 simpliciter
1290 2811 1333 2846 et
1362 2807 1493 2847 libere
1516 2839 1524 2847 .
1548 2839 1556 2847 .
1581 2839 1589 2847 .
1614 2810 1746 2848 multo
1781 2815 1880 2850 ante

276 2879 447 2926 rogatus
478 2878 521 2913 et
550 2873 783 2914 identidem
804 2873 1056 2912 admonitus.
1118 2873 1190 2911 III
1213 2873 1278 2922 18,
1300 2874 1326 2912 4
1348 2873 1440 2925 cepi
1461 2878 1602 2914 autem
1623 2888 1706 2914 non
1727 2876 1881 2916 medio-
