2262 3224
492 168 548 197 XO
1100 168 1476 202 PROLEGOMENA.

492 290 522 314 c.
545 282 586 314 15
605 288 617 313 1
643 286 722 315 tum
738 283 857 325 Aper:
885 284 983 317 ‘Non
1003 284 1145 324 desinis,
1165 285 1258 317 Mes-

535 336 635 378 salla,
655 342 778 371 vetera
799 342 941 371 tantum
959 364 967 373 .
989 364 996 371 .
1019 364 1026 372 .
1047 340 1169 372 mirari
1187 364 1195 373 .
1215 365 1223 373 .
1244 364 1252 373 .

536 402 619 425 cum
636 417 644 426 .
666 418 674 426 .
697 419 704 426 .
721 395 902 427 neminem
920 395 987 427 hoc
1004 400 1164 436 tempore
1180 404 1258 428 orae

535 452 650 481 torem
668 458 742 481 esse
762 450 1015 482 contenderes.
1032 475 1040 483 .
1055 475 1063 482 .
1077 459 1159 482 cum
1177 458 1256 483 eam

535 505 685 546 gloriam
718 513 825 546 quam
859 505 925 537 tibi
958 505 1019 538 alii
1056 505 1258 538 concedunt

536 560 611 601 ipse
634 560 699 592 tibi
723 560 936 601 denegares‘

491 681 522 704 c.
544 673 584 704 16
604 678 616 703 1
643 676 828 714 ‘magnam
840 673 849 689 ’
869 672 986 713 inquit
1002 672 1186 705 Secundus
1205 676 1259 705 ‘et

536 727 682 769 dignam
713 731 871 760 tractatu
905 727 1147 768 quaestionem
1183 737 1259 760 mo-

537 782 646 823 vistis,
659 783 721 815 sed
736 784 815 824 quis
830 792 908 815 eam
924 783 1051 815 iustius
1066 783 1259 824 explicabit

538 847 645 879 quam
661 842 702 870 tu
718 839 763 871 ad
781 839 882 872 cuius
899 849 1076 872 summam
1090 839 1258 872 eruditio-

537 902 620 925 nem
644 898 680 925 et
703 895 1050 935 praestantissimum
1075 895 1257 937 ingenium

538 958 624 981 cura
649 958 789 990 quoque
815 953 851 982 et
873 951 1061 983 meditatio
1082 951 1256 983 accessit?

540 1004 627 1036 1511
652 1014 777 1037 causas
794 1030 802 1038 .
823 1029 831 1037 .
852 1030 860 1038 .
881 1015 970 1046 quas
1003 1015 1144 1039 mecum
1182 1006 1258 1048 ipse

538 1059 747 1101 plerumque
770 1061 953 1102 conquiro.

493 1290 523 1313 c.
546 1281 586 1313 16
603 1287 620 1313 5
641 1280 678 1313 ff.
702 1284 710 1300 ‘
725 1282 885 1322 aperiam
911 1307 918 1314 .
949 1307 957 1315 .
988 1307 996 1316 .
1025 1282 1259 1324 cogitationes

539 1345 636 1369 meas
667 1337 697 1368 si
729 1337 816 1369 illud
849 1347 871 1369 a
901 1338 1001 1370 vobis
1033 1342 1117 1370 ante
1149 1339 1259 1379 impe-

538 1395 680 1424 travero
708 1416 715 1424 .
748 1416 756 1424 .
789 1417 796 1424 .
833 1396 915 1433 ‘pro
947 1393 1111 1433 duobus‚'
1142 1394 1259 1435 inquit

539 1447 735 1487 Maternus,
759 1449 961 1488 ‘pi-omitto:
987 1458 1071 1481 nam
1089 1452 1125 1481 et
1141 1458 1205 1490 ego
1222 1453 1259 1481 et

540 1502 724 1535 Secundus
768 1512 1005 1544 exsequemur
1044 1513 1104 1536 eas
1140 1508 1259 1545 partes

539 1566 628 1598 quas
670 1557 950 1591 intellexerimus
991 1563 1026 1591 te
1068 1569 1141 1591 non
1183 1563 1258 1592 tam

539 1612 698 1645 omisisse
723 1622 830 1654 quam
854 1614 958 1646 nobis
980 1614 1181 1656 reliquisse'

495 1941 525 1965 c.
545 1933 638 1965 2318
667 1942 731 1965 vos
761 1942 845 1966 vero
868 1958 876 1967 .
897 1958 904 1966 .
927 1958 934 1967 .
955 1937 997 1966 ut
1026 1935 1184 1975 potestis,
1217 1938 1259 1967 ut

540 1988 668 2027 facitis,
689 1988 875 2021 inlustrate
895 1989 1076 2022 saeculum
1096 1994 1258 2022 nostrum

539 2043 777 2084 pulcherrimo
795 2053 923 2086 genere
940 2044 1082 2077 dicendi

495 2163 524 2186 c.
545 2154 587 2185 24
599 2161 616 2186 9
635 2164 676 2186 ac
693 2164 737 2186 ne
755 2155 828 2195 ipse
846 2156 990 2196 quidem
1007 2156 1058 2188 ita
1073 2157 1181 2188 sentit
1196 2156 1259 2188 sed

539 2218 637 2241 more
661 2213 778 2242 vetere
803 2214 839 2242 et
863 2221 885 2243 a
906 2212 1085 2244 veteribus
1107 2212 1259 2252 philoso-

538 2265 618 2305 phis
648 2274 753 2306 saepe
788 2266 966 2299 celebrato
1003 2267 1154 2308 sumpsit
1191 2267 1259 2299 sibi

539 2321 808 2354 contradicendi
834 2326 955 2363 partes

495 2482 525 2506 c.
545 2474 588 2505 26
604 2480 637 2506 29
664 2476 798 2508 veritus
826 2476 944 2516 credo,
974 2485 1019 2508 ne
1046 2475 1179 2508 multos
1205 2476 1259 2508 of-

539 2528 713 2570 fenderet,
729 2531 759 2563 si
775 2539 908 2572 paucos
923 2532 1165 2572 excerpsisset.

497 2813 526 2836 c.
546 2803 590 2836 28
608 2809 621 2834 1
647 2807 724 2836 tum
743 2805 927 2839 Messalla:
953 2815 1025 2839 non
1043 2807 1254 2846 reconditas,

543 2860 716 2900 Materne,
731 2870 855 2893 causas
870 2861 1020 2902 requiris
1036 2870 1101 2895 nec
1115 2866 1177 2894 aut
1193 2862 1258 2894 tibi

1324 284 1368 317 de
1392 294 1465 326 rep.
1486 285 1504 317 Ι
1524 285 1577 326 13,
1596 286 1639 318 20
1662 288 1740 318 tum
1765 285 1955 319 Manilius:
1983 287 2087 320 ‘Per-

1367 340 1466 382 gisne
1489 349 1580 381 eam,
1602 340 1701 373 Laeli
1724 344 1839 373 artem
1863 341 2023 375 inludere
2046 342 2085 375 in

1368 404 1440 437 qua
1454 396 1609 437 primum
1625 395 1769 429 excellis
1789 397 1863 438 ipse

1324 672 1426 705 Brut.
1447 672 1501 713 87,
1519 672 1584 705 297
1612 681 1688 705 rem
1719 672 1960 706 commovistis
1989 681 2086 706 nova

1367 728 1608 768 disputatione
1624 728 1769 769 dignam
1799 728 1843 760 de
1855 737 1927 769 rep.
1943 729 1960 760 Ι
1975 729 2030 769 21,
2040 727 2085 761 34
2132 733 2135 735 '

1368 788 1445 816 erat
1469 792 1621 824 aequum
1647 783 1691 815 de
1716 792 1754 815 re
1779 783 1921 824 publica
1946 783 2086 824 potimi-

1368 848 1467 871 mum
1487 839 1683 880 principem
1707 839 1758 870 rei
1781 838 1944 879 publicae
1966 839 2084 872 dicere

1367 895 1429 926 sed
1446 895 1553 926 etiam
1567 894 1662 935 quod
1672 893 1903 926 memineram
1916 903 2084 936 persaepe

1368 955 1404 984 te
1435 961 1516 984 cum
1544 952 1715 985 Panaetio
1742 952 1913 985 disserere
1939 952 2084 985 solitum

1370 1031 1377 1040 .
1399 1031 1407 1039 .
1429 1031 1436 1039 .
1457 1016 1528 1047 qua
1544 1007 1581 1039 in
1597 1007 1837 1048 disputatione
1857 1008 2026 1048 quoniam
2042 1011 2085 1040 tu

1367 1062 1525 1104 paratior
1540 1072 1588 1103 es,
1608 1063 1744 1103 feceris,
1761 1087 1769 1095 .
1787 1088 1794 1095 .
1813 1088 1820 1095 .
1837 1064 1867 1095 si
1883 1063 1927 1095 de
1943 1072 1980 1095 re
1996 1061 2086 1104 pub-

1368 1118 1438 1150 lica
1467 1118 1552 1159 quid
1583 1118 1717 1150 sentias
1749 1118 1948 1159 explicaris,
1981 1117 2085 1152 nobis

1367 1176 1509 1215 gratum
1533 1174 1708 1206 omnibus.

1324 1284 1368 1316 de
1385 1288 1473 1317 orat.
1488 1285 1526 1317 II
1542 1285 1573 1325 7,
1587 1285 1629 1318 27
1652 1285 1726 1326 ipse
1743 1285 1997 1325 obmutescam,
2015 1285 2086 1317 nisi

1368 1341 1467 1381 prius
1482 1350 1504 1373 a
1519 1341 1619 1373 vobis
1641 1341 1833 1381 impetraro
1851 1364 1858 1372 .
1879 1364 1887 1372 .
1909 1364 1917 1372 .
1937 1347 2014 1382 ego,
2033 1340 2086 1372 in·
2130 1377 2134 1383 Ι

1369 1397 1447 1436 quit
1472 1396 1594 1435 Iulius,
1622 1405 1686 1436 pro
1710 1399 1862 1436 utroque
1889 1395 2086 1436 respondeo
2127 1420 2129 1423 s

1369 1451 1468 1482 Brut.
1497 1451 1552 1490 32,
1581 1452 1642 1482 122
1693 1450 1737 1482 de
1762 1454 1850 1483 orat.
1878 1448 1915 1482 ΙΙ
1942 1450 1996 1490 89,
2020 1450 2085 1483 362

1369 1506 1413 1538 de
1437 1506 1501 1547 leg.
1523 1506 1540 1537 Ι
1563 1507 1615 1546 11,
1631 1506 1672 1538 32
1712 1506 1756 1538 de
1782 1509 1870 1538 orat.
1892 1506 1929 1538 ΙΙ
1950 1506 2005 1546 29,
2022 1506 2086 1538 126

1369 1570 1484 1602 neque
1502 1585 1509 1593 .
1531 1586 1538 1592 .
1561 1586 1568 1594 .
1588 1571 1653 1593 nos
1683 1561 1839 1602 privabis
1870 1564 1911 1593 ut
1939 1561 1970 1593 si
2000 1560 2087 1602 quid

1369 1617 1415 1648 ab
1438 1617 1599 1648 Antonio
1623 1620 1686 1648 aut
1708 1616 1997 1657 praetermissum
2022 1619 2087 1649 aut

1367 1671 1528 1703 relictum
1545 1673 1602 1711 sit,
1621 1681 1693 1703 non
1711 1671 1884 1712 explores,
1903 1680 2019 1713 neque
2033 1674 2082 1712 te,

1368 1727 1518 1766 Antoni,
1545 1727 1574 1759 si
1599 1727 1684 1768 quid
1709 1736 1781 1759 non
1806 1727 1940 1767 dixisti,
1966 1727 2087 1759 existi-

1368 1782 1546 1814 mabimus
1558 1792 1630 1814 non
1643 1782 1798 1823 potuisse
1809 1791 1917 1824 quam
1927 1791 1949 1815 a
1959 1782 2086 1815 Crasso

1368 1837 1439 1869 dici
1455 1837 1621 1869 maluisse

1324 1937 1369 1968 de
1388 1939 1476 1969 orat.
1497 1937 1516 1968 Ι
1537 1937 1568 1976 8,
1584 1936 1626 1968 34
1651 1945 1758 1977 quam
1780 1937 1826 1969 ob
1844 1945 1920 1969 rem
1935 1937 2083 1978 pergite,

1368 1995 1410 2023 ut
1432 1992 1560 2031 facitis,
1587 1992 1833 2024 adulescentes
1857 1996 1964 2033 atque
1987 1993 2025 2024 in
2048 1991 2086 2024 id

1368 2047 1526 2079 studium
1543 2047 1580 2078 in
1597 2056 1667 2087 quo
1684 2048 1769 2079 estis
1785 2047 1979 2079 incumbite

1324 2157 1369 2189 de
1396 2160 1483 2189 orat.
1513 2157 1531 2188 I
1557 2157 1612 2196 62,
1639 2157 1704 2188 263
1737 2157 1857 2197 Atque
1888 2158 2008 2190 nescio
2038 2166 2086 2190 an

1369 2212 1473 2245 aliter
1498 2212 1632 2244 sentias
1657 2215 1693 2244 et
1717 2216 1819 2244 utare
1846 2216 1910 2245 tua
1936 2211 2085 2245 mirifica

1369 2268 1414 2300 ad
1431 2267 1666 2299 refellendum
1687 2267 1943 2299 consuetudine
1961 2292 1968 2300 .
1990 2291 1997 2300 .
2019 2291 2027 2300 .
2048 2268 2086 2299 in

1367 2322 1659 2363 philosophorum
1688 2322 1944 2354 consuetudine
1969 2331 2086 2355 versa-

1368 2381 1427 2409 tus

1323 2477 1424 2508 Brut.
1439 2476 1494 2516 65,
1505 2476 1568 2508 231
1587 2476 1701 2508 vereri
1717 2478 1764 2516 te,
1778 2476 1904 2517 inquit,
1918 2476 2083 2516 arbitror,

1367 2540 1413 2563 ne
1429 2532 1495 2563 tibi
1510 2535 1743 2563 succenseant
1759 2540 1847 2571 quos
1862 2530 2087 2571 praeterieris

1367 2587 1412 2618 de
1443 2596 1515 2627 rep.
1543 2587 1561 2618 I
1593 2587 1623 2626 1,
1652 2587 1668 2618 1
1709 2595 1988 2619 commemorare
2026 2596 2087 2619 eos

1367 2640 1503 2681 desino,
1529 2651 1574 2674 ne
1601 2641 1680 2682 quis
1702 2651 1739 2673 se
1765 2645 1828 2674 aut
1853 2651 1998 2674 suorum
2024 2641 2087 2674 ali·
2115 2671 2119 2675 .

1368 2706 1473 2738 quem
1498 2696 1787 2738 praetermissum
1814 2700 1994 2738 queratur.

1324 2807 1368 2838 de
1385 2811 1472 2839 orat.
1493 2807 1547 2838 111
1564 2807 1618 2845 37,
1634 2806 1697 2838 148
1719 2810 1795 2838 tum
1813 2806 1979 2839 Crassus:
2006 2807 2088 2838 Per-

1369 2862 1539 2903 volgatas,
1567 2861 1694 2902 inquit,
1721 2864 1756 2894 et
1779 2860 1846 2894 tibi
1869 2870 1942 2893 non
1969 2861 2088 2903 incog-
