2262 3224
472 233 639 275 cxxxvi

625 481 675 512 62

659 541 691 568 1⁷

625 647 646 678 9
658 652 690 677 1ο

604 702 644 733 10
656 708 673 733 3

658 762 690 787 16

604 812 642 843 11
655 818 672 843 9

603 867 643 899 12
656 873 673 898 s

657 927 689 953 14

603 977 644 1009 13
655 983 671 1008 3

603 1032 643 1063 14
655 1038 686 1062 21

602 1088 643 1119 18
655 1093 688 1119 25

655 1149 688 1174 28

602 1198 643 1230 19
655 1204 688 1228 24

654 1259 687 1284 25

600 1309 642 1340 20
653 1315 670 1340 5

600 1364 640 1395 21
654 1369 688 1395 29

599 1420 642 1450 22
654 1424 671 1449 4

655 1480 672 1505 8

655 1534 688 1562 17

654 1590 685 1615 21

599 1639 642 1671 23
655 1646 669 1670 1

599 1694 642 1726 24
654 1701 687 1725 1ο

654 1755 687 1780 13

598 1805 642 1837 26
653 1811 670 1837 7

653 1865 686 1891 16

652 1921 686 1946 23

597 2004 640 2035 28
654 2010 666 2034 1

652 2064 684 2090 15

650 2153 684 2178 26

596 2257 639 2288 29
652 2263 683 2288 13

595 2345 638 2377 30
650 2351 681 2376 21

596 2399 636 2431 31
650 2406 667 2431 6

649 2462 666 2487 9

650 2515 682 2541 13

649 2572 683 2596 36

595 2620 636 2651 32
650 2626 682 2650 22

595 2674 637 2706 34
649 2681 682 2706 35

1075 240 1450 276 PROLEGOMENA.

911 358 978 390 AB
1556 360 1717 394 CDAEV

735 425 964 458 necessitates
1400 427 1717 460 necessitudinesm

737 479 966 512 iocunditatis
1401 481 1600 514 iucunditas

737 535 1022 576 quandocunque
1400 545 1635 578 quemcunque

736 590 900 621 indueret
1399 591 1553 623 induerit

735 649 789 677 est
1400 646 1474 678 eius

739 701 806 743 [in]
820 700 981 741 sequitur
995 700 1030 731 A
1047 700 1246 741 insequitur
1261 700 1291 732 B
1399 702 1556 742 sequitur

735 756 928 796 elegiorum
1399 756 1570 797 eleqorum
1590 758 1782 800 (elegarum
1798 759 1847 803 V)

734 812 874 843 Nerone
895 811 951 853 (=
962 811 1150 853 Neronem)
1399 813 1540 844 Nerone

734 869 770 898 et
1399 867 1437 899 in
1456 867 1544 910 (also
1561 867 1592 910 b)

734 921 827 953 ullus
1399 922 1481 954 ullis

734 980 769 1008 et
785 978 877 1008 cent’
898 977 933 1008 A
949 979 1071 1008 coetus
1086 977 1116 1008 B
1399 978 1598 1010 consulatus
1617 979 1827 1021 (conventus
1842 980 1890 1023 D)

711 1032 751 1063 21
765 1039 781 1063 9
807 1032 849 1063 30
864 1037 896 1063 19
919 1031 1036 1063 hercle
1400 1031 1534 1064 hercule

734 1087 877 1127 quidem
897 1090 1016 1118 autem
1399 1089 1514 1119 autem
1535 1087 1623 1130 (also
1638 1088 1670 1130 b)

733 1143 855 1174 venias
871 1143 905 1174 A
922 1142 1048 1174 venia*
1063 1143 1094 1174 B
1399 1143 1535 1175 veniam

733 1201 796 1230 aut
1399 1199 1430 1230 et

733 1255 982 1293 expectantem

732 1308 891 1340 dicentes

734 1363 794 1403 qui

734 1422 892 1450 oratores
909 1418 1037 1450 aetatis
1052 1417 1209 1450 eiusdem

734 1474 804 1506 iam
822 1474 941 1505 senior

732 1533 874 1561 tantum
891 1538 934 1560 eo

733 1585 764 1616 et

733 1639 924 1671 Vetrinum

731 1690 792 1726 n—rs
811 1696 867 1736 (=
879 1694 1024 1736 nostris)

731 1753 874 1781 tantum

731 1808 895 1836 auctores
919 1805 953 1836 A
978 1804 1157 1846 a[u]tores
1180 1805 1210 1835 B

730 1862 810 1900 post
834 1869 871 1891 se
896 1860 930 1891 A
954 1860 1087 1900 pos*se
1111 1859 1141 1890 B

730 1914 807 1946 vult

871 1971 940 1995 tum

731 2003 791 2044 qui
807 2003 841 2034 A
862 2003 954 2045 [qui]
973 2002 1003 2033 B

729 2058 941 2090 educabitur

729 2146 921 2178 militarem

730 2256 909 2288 invenires

727 2345 834 2376 ullius
851 2345 937 2377 artis
953 2342 1179 2385 ingenuae28⁵

728 2400 809 2431 haec
827 2400 918 2431 enim
936 2399 984 2430 est

727 2455 815 2486 haec

727 2510 822 2541 vitiis

728 2565 815 2596 haec

729 2629 787 2660 eqo

727 2675 832 2706 hodie
857 2683 997 2715 quoque

1398 1254 1646 1293 eoepectandum
1665 1254 2007 1299 (expectando—D)

1398 1308 1566 1340 dicentem
1585 1309 1672 1351 (also
1688 1309 1719 1352 b)

1398 1364 1483 1404 quia
1502 1364 1590 1406 (also
1606 1364 1637 1406 b)

1398 1420 1550 1451 eiusdem
1567 1420 1693 1452 aetatis
1709 1421 1860 1452 oratores

1398 1475 1514 1506 senior
1531 1475 1603 1506 iam
1754 1484 1756 1486 ·

1398 1539 1434 1561 eo
1451 1531 1588 1561 tantum

1394 1587 1435 1616 ut

1402 1639 1591 1672 Verrinum

1395 1695 1521 1726 vestris
1540 1695 1574 1736 (i.
1587 1704 1616 1726 e.
1641 1690 1700 1726 <ir-s
1715 1709 1757 1722 =
1773 1686 1951 1738 veteribus)

1396 1749 1434 1781 in
1451 1750 1590 1781 tantum

1395 1806 1527 1836 actores

1390 1868 1493 1899 posse

1394 1914 1484 1946 velut
1507 1914 1594 1956 (also
1609 1913 1641 1957 b)

1395 2004 1426 2035 et

1394 2048 1604 2090 educubatur

1394 2155 1470 2177 rem
1486 2146 1678 2178 militarem
1697 2146 1732 2189 (i.
1745 2155 1774 2178 e.
1795 2119 1987 2179 militeffiem

1437 2201 1625 2232 militarem
1641 2201 1727 2243 rem)

1394 2255 1545 2287 invenies

1867 2309 2022 2343 ingenuae

1391 2343 1498 2375 ullius
1516 2344 1685 2383 inqenuae
1701 2344 1788 2375 artis
1806 2343 1841 2386 (i.
1854 2352 1884 2375 e.
1904 2343 2004 2386 artis)

1390 2397 1484 2430 haee
1495 2401 1548 2430 est
1564 2398 1660 2430 enim

1391 2454 1472 2485 haec
1490 2454 1568 2492 ipsa

1392 2508 1430 2540 in
1446 2508 1541 2539 vitiis

1391 2563 1473 2595 haec
1490 2572 1622 2603 quoque

1391 2627 1474 2659 ergo

1390 2673 1556 2714 hodieque

520 2761 564 2784 284
580 2763 743 2795 Genuine
760 2763 923 2803 readings
939 2763 976 2794 in
993 2762 1118 2794 italice.
1169 2761 1462 2802 Orthographical
1479 2761 1652 2793 minutiae
1668 2771 1728 2794 are
1744 2766 1808 2794 not
1823 2762 1942 2795 noted.

521 2816 563 2838 2⁸⁵
580 2817 629 2849 Or
647 2820 655 2835 ‘
667 2817 774 2848 ullius
791 2818 877 2848 artis
889 2818 897 2833 ’
920 2818 990 2858 (see
1007 2817 1083 2848 crit.
1105 2820 1188 2848 note
1205 2816 1251 2848 ad
1267 2816 1363 2857 loe.).
1399 2816 1554 2855 Tacitus,
1570 2825 1609 2847 so
1625 2815 1682 2847 far
1697 2825 1736 2847 as
1752 2825 1812 2856 my
1826 2816 2050 2848 observation

462 2881 556 2913 goes,
575 2881 675 2904 never
690 2875 870 2911 separates
885 2872 1066 2912 (certainly
1082 2876 1146 2903 not
1161 2871 1198 2902 in
1214 2872 1274 2902 the
1292 2871 1476 2912 Dialogus)
1492 2874 1562 2902 two
1579 2870 1804 2902 attributives
1819 2871 1867 2911 by
1880 2880 1926 2903 an
1942 2871 2049 2903 inter-

462 2927 593 2967 vening
607 2926 837 2965 substantive,
857 2926 976 2957 unless
990 2925 1111 2966 joined
1131 2926 1178 2966 by
1195 2934 1217 2957 a
1232 2916 1472 2965 conjunction.
