2262 3224
409 210 495 251 324
815 245 818 248 ⁴
1111 222 1273 254 NOTEs.

463 337 517 376 27
547 338 628 376 fori
653 338 834 386 auditor,
861 340 1042 377 sectator
1065 338 1318 377 iudiciorum
1348 337 1416 376 ‘in
1444 337 1516 376 the
1547 338 1697 387 forum,
1726 337 1771 376 in
1798 338 1872 378 the
1900 338 1997 378 law-

409 403 574 442 courts.'
633 403 715 441 For
744 415 768 441 a
798 402 959 441 similar
989 402 1198 454 objective
1230 404 1356 453 genit.
1380 404 1432 442 cf.
1457 416 1490 442 c.
1513 404 1564 443 37
1588 410 1627 443 17
1658 404 1818 443 ambitu
1838 404 1997 444 comiti-

409 481 527 507 orum
576 469 686 507 Ann.
710 469 757 506 II
778 469 832 507 34
862 468 1066 507 ambitum
1096 468 1179 507 fori
1223 469 1294 507 III
1316 470 1367 508 31
1408 471 1489 509 XV
1509 471 1561 508 25
1594 470 1738 521 Syriae
1768 470 1994 519 exsecutio,

408 535 547 573 where
579 548 646 573 see
677 535 804 586 Nipp.
849 535 931 575 Cic.
954 548 1030 586 pro
1051 535 1185 574 Flacc.
1209 536 1295 584 2,.5
1327 537 1474 576 Cretae
1505 536 1612 575 vitia
1659 549 1734 587 pro
1756 536 1860 575 Sest.
1883 537 1921 586 5,
1943 537 1996 576 13

409 605 634 652 quaestura
655 601 926 640 Macedoniae
974 602 1027 640 ad
1048 601 1189 647 Quint.
1213 602 1309 640 frat.
1333 602 1355 640 Ι
1378 603 1416 643 1,
1436 603 1488 641 25
1519 602 1718 641 itinerum
1739 606 1864 653 atque
1884 615 1998 653 agro-

408 681 502 705 rum
523 668 648 706 furta.
710 668 782 718 op.
805 656 987 706 also‘nr.
1011 669 1065 705 H.
1087 667 1125 706 S.
1150 668 1171 705 1
1192 668 1272 706 468
1290 668 1320 705 f.
1352 667 1433 705 scic
1462 680 1500 717 p.
1523 668 1575 706 31
1592 668 1622 706 f.

464 734 516 772 28
549 734 704 774 alienis
727 735 1025 784 experimentis
1046 733 1055 749 ¹
1069 733 1125 784 by
1145 733 1217 772 the
1239 734 1484 784 experience
1506 734 1678 772 derived
1698 734 1807 772 from
1828 734 1995 773 others.'

409 800 497 838 The
529 812 641 839 same
671 800 823 851 phrase
854 812 998 838 occurs
1024 799 1068 837 in
1093 801 1186 838 Tac.
1211 801 1286 849 Ag.
1312 801 1363 838 19
1394 800 1540 838 doctus
1571 812 1645 850 per
1674 800 1813 839 aliena
1841 800 1999 852 experi-

409 870 562 905 menta.
624 866 687 906 Cf.
710 870 807 904 note
829 879 861 905 c.
884 867 937 904 29
960 872 1011 904 17.

465 933 518 972 29
549 933 596 972 in
620 933 775 973 oculis:
818 933 870 971 So
892 933 946 970 H.
969 933 991 970 I
1013 933 1065 971 37
1107 932 1154 969 II
1175 933 1228 970 35
1268 933 1331 971 IV
1352 934 1403 971 77
1443 932 1553 970 Ann.
1577 933 1649 970 III
1669 933 1732 971 29.

465 1000 518 1038 30
549 1000 696 1050 populi
721 1011 841 1038 aures
862 998 871 1014 ¹
884 998 993 1036 likes
1017 998 1100 1036 and
1120 998 1323 1036 dislikes.'
1374 1012 1493 1037 aures
1513 998 1549 1037 is
1570 999 1767 1049 frequent
1787 998 1832 1036 in
1851 999 1924 1037 the
1945 999 1996 1038 D.

410 1065 456 1103 in
475 1065 548 1103 the
571 1078 690 1104 sense
711 1065 757 1103 of
776 1064 785 1080 ³
800 1064 985 1115 opinion,
1007 1064 1241 1115 judgment,
1262 1064 1400 1102 taste.'
1446 1064 1508 1104 Cf.
1532 1077 1563 1102 c.
1588 1065 1613 1103 9
1639 1071 1658 1102 5
1688 1065 1739 1103 19
1765 1071 1795 1103 8.
1814 1071 1857 1102 23
1886 1065 1938 1103 21
1957 1072 1997 1103 11

411 1144 445 1170 a.
478 1132 679 1170 iudicium
726 1132 778 1170 27
799 1137 842 1168 28
891 1131 943 1169 34
966 1136 1007 1168 16
1037 1130 1170 1181 ipsius
1201 1130 1348 1181 populi
1378 1143 1412 1169 a.
1445 1131 1527 1169 and
1556 1143 1601 1169 so
1632 1131 1687 1168 H.
1712 1131 1734 1168 Ι
1765 1132 1817 1170 90
1851 1134 1998 1186 (genus

411 1197 575 1249 orandi)
600 1198 744 1235 crebro
764 1196 847 1235 fori
867 1209 947 1234 usu
967 1195 1128 1234 celebre
1150 1199 1193 1234 et
1213 1196 1266 1234 ad.
1287 1195 1521 1246 implendas
1542 1196 1689 1247 populi
1716 1209 1836 1235 aures
1865 1196 1999 1235 latum

376 1297 378 1300 ,
412 1263 520 1301 Α1111.
544 1263 660 1301 XIII
681 1264 706 1301 3
736 1262 951 1312 ingenium
975 1293 982 1301 .
1007 1292 1015 1300 .
1040 1292 1047 1300 .
1071 1262 1273 1312 temporis
1304 1261 1392 1300 eius
1424 1262 1593 1300 auribus
1625 1257 1996 1301 adcommodatum.

410 1330 788 1369 —accusationem
820 1331 1079 1378 susceperat:
1130 1328 1193 1367 Cf.
1227 1327 1318 1365 Liv.
1351 1329 1470 1367 XLV
1499 1329 1551 1367 37
1585 1328 1669 1366 Ser.
1704 1328 1838 1367 Galba
1870 1328 1916 1367 in
1949 1329 1996 1367 L.

412 1396 561 1434 Paullo
597 1395 829 1434 accusando
863 1394 1106 1432 tirocinium
1141 1407 1295 1444 ponere
1331 1398 1372 1432 et
1407 1395 1702 1433 documentum
1736 1394 1998 1445 eloquentiae

412 1463 509 1500 dare
544 1461 679 1500 voluit
737 1461 820 1501 Cic.
852 1474 927 1512 pro
958 1460 1068 1500 Cael.
1101 1461 1166 1508 30,
1194 1461 1246 1498 73
1281 1460 1416 1498 voluit
1450 1464 1590 1499 vetere
1626 1460 1823 1499 instituto
1857 1473 1999 1499 eorum

411 1528 742 1566 adulescentium
778 1527 969 1577 exemplo
1004 1526 1077 1577 qui
1111 1530 1207 1576 post
1241 1526 1286 1563 in
1320 1526 1492 1564 civitate
1628 1526 1852 1565 clarissimi
1886 1527 1998 1566 cives

412 1594 679 1642 exstiterunt,
703 1592 957 1631 industriam
988 1605 1103 1630 suam
1135 1604 1159 1630 a
1188 1591 1342 1642 populo
1373 1593 1559 1630 Romano
1590 1605 1641 1630 ex
1670 1592 1812 1643 aliqua
1841 1592 1999 1631 illustri

411 1660 675 1698 accusatione
706 1658 908 1709 cognosci.
960 1658 1103 1697 While
1128 1670 1152 1696 a
1176 1657 1408 1696 successful
1437 1658 1609 1696 defence
1638 1671 1723 1696 was
1754 1658 2000 1697 considered

411 1739 524 1764 more
546 1725 735 1773 difficult,
757 1737 811 1763 an
838 1724 1077 1763 accusation
1104 1736 1189 1762 was
1220 1727 1292 1773 apt
1322 1727 1365 1761 to
1394 1723 1444 1761 be
1474 1724 1674 1762 attended
1702 1724 1807 1762 With
1836 1728 1999 1774 greater

411 1805 590 1831 renown.
654 1792 729 1830 See
760 1791 900 1837 Quint.
924 1791 962 1830 V
992 1791 1056 1838 13,
1087 1791 1112 1829 3
1152 1789 1486 1828 accusationibus
1526 1790 1653 1828 etiam
1692 1790 1919 1829 mediocres
1954 1790 1999 1828 in

411 1859 588 1897 dicendo
619 1858 886 1905 suffecerunt,
908 1857 1040 1895 bonus
1072 1856 1267 1894 defensor
1290 1868 1411 1894 nemo
1432 1855 1516 1894 nisi
1537 1856 1609 1906 qui
1630 1856 1998 1907 eloquentissimus

411 1925 506 1963 fuit.
538 1937 647 1973 nam,
669 1927 717 1962 ut
747 1923 860 1974 quod
889 1922 1037 1971 sentio,
1061 1921 1190 1960 semel
1220 1921 1375 1968 finiam,
1407 1925 1526 1960 tanto
1558 1925 1621 1960 est
1651 1934 1844 1960 accusare
1874 1935 1999 1973 quam

411 1991 651 2039 defendere,
670 1993 827 2040 quanto
857 1989 995 2027 facere
1024 2000 1149 2038 quam
1169 2000 1315 2026 sanare
1336 1987 1511 2026 vulnera
1531 1987 1698 2026 facilius
1738 1988 1828 2026 XII
1849 1990 1887 2037 7,
1905 1989 1995 2027 1-3.

411 2058 577 2107 Among
597 2057 669 2095 the
691 2056 888 2107 speeches
910 2055 956 2093 of
976 2055 1132 2102 Cicero,
1153 2054 1272 2092 there
1293 2067 1362 2092 are
1383 2054 1458 2092 but
1479 2054 1561 2091 few
1583 2054 1591 2069 ²
1605 2054 1917 2093 accusationes!

466 2124 517 2162 31
551 2124 661 2162 solus
679 2148 685 2155 ·
709 2149 715 2155 -
738 2148 744 2155 -
768 2125 808 2162 et
832 2134 961 2161 unus:
994 2122 1105 2159 Unus
1125 2120 1170 2158 in
1190 2120 1310 2158 other
1330 2120 1495 2158 writers
1517 2133 1649 2158 seems
1671 2121 1827 2171 always
1847 2124 1891 2159 to
1911 2133 2000 2171 pre-

411 2190 523 2238 cede,
559 2190 681 2227 when
718 2188 864 2239 joined
898 2187 1002 2226 with
1037 2186 1201 2225 ‘solus'
1262 2186 1325 2225 Cf.
1350 2186 1432 2225 Cic.
1457 2186 1501 2223 111
1521 2187 1605 2224 Pis.
1628 2187 1694 2234 40,
1716 2187 1768 2225 96
1799 2190 1840 2225 te
1868 2200 1999 2225 unum

412 2256 546 2294 solum
594 2268 669 2306 pro
696 2255 801 2293 Sest.
826 2254 890 2302 62,
914 2254 993 2292 130
1043 2253 1087 2290 in
1107 2253 1222 2292 Verr.
1247 2253 1293 2289 II
1323 2252 1360 2300 2,
1383 2253 1420 2300 5,
1443 2253 1507 2291 13.
1531 2254 1595 2301 75,
1618 2253 1698 2291 185
1746 2253 1849 2291 Hor.
1873 2253 1948 2303 Ep.
1976 2253 1998 2290 I

412 2323 494 2369 6,1
525 2334 610 2360 una
640 2352 647 2359 .
681 2351 689 2359 .
723 2351 730 2358 .
763 2320 933 2370 solaque
983 2319 1093 2357 Plin.
1117 2319 1216 2356 Pan.
1242 2319 1293 2356 76
1323 2331 1431 2355 unus
1463 2318 1670 2369 solusque.
1731 2319 1803 2369 Cp.
1835 2322 1932 2357 note
1962 2331 1995 2357 c.

412 2389 463 2426 17
486 2394 537 2426 13.

468 2455 519 2492 32
551 2465 659 2493 110110
685 2454 869 2492 decimo·
891 2477 897 2484 -
920 2477 927 2484 ·
950 2453 994 2491 L.
1015 2451 1183 2491 Crassus
1208 2451 1248 2490 G.
1269 2451 1514 2490 Carbonem:
1552 2450 1614 2489 Cf.
1634 2450 1716 2489 Cic.
1735 2451 1785 2488 de
1806 2454 1908 2488 orat.
1926 2451 1997 2488 III

411 2521 476 2568 20,
500 2521 552 2558 74
585 2518 740 2569 quippe
773 2518 845 2568 qui
877 2517 1063 2556 omnium
1097 2515 1342 2554 maturrime
1378 2516 1431 2554 ad
1465 2516 1652 2566 publicas
1688 2528 1832 2554 causas
1867 2528 1999 2555 acces-

412 2586 536 2624 serim
568 2597 781 2634 annosque
811 2587 934 2622 natus
967 2597 1096 2621 unum
1128 2589 1166 2621 et
1195 2582 1345 2632 viqinti
1374 2582 1682 2620 nobilissimum
1712 2582 1923 2620 hominem
1955 2586 1997 2620 et

412 2651 802 2702 eloquentissimum
830 2649 875 2687 in
902 2649 1105 2687 iudicium
1124 2660 1316 2686 vocarem
1359 2648 1409 2685 de
1431 2648 1498 2685 off.
1522 2649 1567 2685 II
1589 2649 1653 2696 13,
1675 2649 1728 2687 47
1759 2649 1804 2686 L.
1828 2648 1997 2698 quidem

412 2719 598 2764 Crassus,
631 2730 724 2755 cum
759 2719 869 2754 esset
903 2715 1126 2754 admodum
1161 2713 1405 2752 adulescens
1439 2714 1572 2766 (Brut.
1591 2715 1656 2762 43,
1679 2714 1776 2764 159)
1810 2744 1817 2752 .
1843 2744 1850 2752 .
1874 2744 1882 2752 .
1915 2713 1996 2752 sibi

412 2785 501 2834 ipse
531 2783 696 2835 peperit
726 2794 965 2820 maxumam
994 2781 1161 2819 laudem
1191 2793 1243 2818 ex
1273 2779 1348 2818 illa
1376 2779 1638 2818 accusatione
1661 2779 1792 2818 nobili
1813 2783 1855 2818 et
1876 2779 1996 2829 glori·
2055 2780 2057 2783 “
2112 2770 2118 2774 ’

411 2863 494 2898 osa,
537 2853 591 2898 et,
633 2862 714 2899 qua
753 2851 890 2886 aetate
930 2846 1003 2897 qui
1042 2849 1300 2894 exercentur,
1341 2845 1463 2883 laude
1505 2845 1627 2883 adfici
1671 2845 1818 2894 solent,
1858 2849 1906 2883 ut
1943 2845 1994 2883 de
