2262 3224
385 221 471 263 362
1100 233 1263 266 noras.

383 353 604 388 testantur.
619 361 834 400 —saepe·
856 375 863 382 ·
886 375 893 382 -
915 351 1154 401 frequenter
1181 349 1354 399 belongs
1381 352 1425 388 to
1454 349 1527 388 the
1558 361 1670 388 same
1700 351 1896 400 category
1924 347 1972 387 of

384 415 655 454 coi-relations
686 428 731 454 as
761 415 1096 465 modo—modo,
1128 428 1455 466 saepe—saepe,
1488 415 1820 465 saepe—modo,
1848 414 1971 453 modo

383 481 676 531 -interdum‚
698 482 1223 532 modo—nonnumquam.
1285 481 1348 521 Cf.
1368 481 1508 527 Quint.
1533 481 1603 518 III
1625 481 1663 530 8,
1680 481 1706 518 4
1727 480 1971 531 frequenter

383 548 1069 599 ——nonnumquam—aliquando
1119 548 1189 586 Dr.
1214 549 1268 586 H.
1295 547 1333 586 S.
1358 548 1404 585 II
1431 548 1484 586 92
1500 547 1540 585 ff.
1591 547 1769 585 K'uhner
1800 546 1845 584 11
1875 546 1968 596 680,

383 614 409 651 4
435 614 518 652 and
541 626 626 665 esp.
649 613 873 664 Woelfflin,
906 614 1057 652 Archiv
1080 614 1125 652 ΙΙ
1146 614 1226 652 245
1242 613 1283 651 ff.
1335 614 1397 653 IV
1417 614 1470 652 53
1485 613 1525 651 ff.
1559 613 1678 652 ‘Was
1710 612 1844 651 heisst
1872 612 1972 651 bald

383 704 439 709 --
451 679 549 718 bald
564 681 584 718 ?
603 680 612 699 '

441 746 492 784 12
523 747 864 796 probationibus:
897 746 1032 785 These
1054 759 1161 785 were
1183 746 1230 784 of
1257 749 1340 784 two
1365 746 1491 784 kinds
1523 745 1745 795 according
1778 748 1822 783 to
1857 744 1972 783 Aris-

383 811 504 860 totle,
528 812 653 851 Rhet.
677 813 699 850 I
719 813 744 850 2
775 815 848 852 τῶν
877 813 914 851 δὲ
944 813 1153 861 πίστεων,
1188 814 1226 850 αἱ
1254 814 1322 862 μὲν
1342 813 1492 863 ἅτεχνοί
1524 814 1629 859 εἰσιν,
1660 813 1698 849 αἱ
1732 810 1762 850 δ’
1795 813 1969 863 ἕντεχνοι.

385 879 521 930 ἄτεχνα
559 878 598 917 δὲ
637 879 748 931 λέγω,
790 880 863 918 ὅσα
895 880 947 930 μὴ
978 878 1022 917 δι’
1063 880 1167 929 ἡμῶν
1199 878 1425 929 πεπόρισται
1460 879 1560 917 ἀλλὰ
1598 880 1850 929 προϋπῆρχεν,
1892 876 1973 917 οἷον

383 945 614 997 μάρτυρες
644 946 807 995 βάσανοι
828 945 1050 997 συγ-γραφαὶ
1072 945 1130 982 καὶ
1158 945 1230 983 ὅσα
1249 947 1404 983 τοιαῦτα
1421 958 1435 988 ,·
1465 945 1614 995 ἔντεχνα
1643 943 1692 989 δὲ,
1716 944 1788 982 ὅσα
1817 943 1877 982 διὸ.
1903 945 1971 993 τῆς

383 1010 543 1060 μεθόδου
573 1011 632 1049 καὶ
661 1010 706 1049 δι’
737 1012 841 1061 ἡμῶν
865 1011 1210 1060 κατασκευασθῆναι
1232 1010 1395 1050 δυνατόν.
1457 1010 1510 1048 SO
1533 1009 1614 1049 Cic.
1638 1010 1688 1047 de
1710 1012 1811 1047 orat.
1835 1008 1882 1047 II
1903 1009 1969 1058 27,

385 1076 464 1115 116
495 1077 548 1115 ad
560 1077 815 1126 probandum
835 1080 975 1115 autem
997 1076 1154 1126 duplex
1175 1079 1239 1114 est
1259 1075 1414 1114 oratori
1436 1075 1624 1114 subiecta
1644 1074 1838 1113 materies
1858 1089 1866 1113 :
1888 1087 1973 1114 una

384 1155 522 1180 rerum
543 1155 696 1191 earum,
719 1155 824 1193 quae
847 1155 930 1180 non
960 1142 1251 1192 excogitantur
1281 1142 1331 1180 ab
1361 1146 1535 1190 oratore,
1558 1142 1631 1179 sed
1661 1141 1706 1179 in
1736 1153 1779 1179 re
1809 1140 1971 1192 positae

384 1208 545 1247 ratione
575 1212 822 1257 tractantur,
844 1212 891 1246 ut
921 1208 1100 1257 tabulae,
1133 1208 1374 1256 testimonia,
1403 1211 1537 1258 pacta,
1554 1211 1771 1256 conventa,
1793 1207 1973 1258 quaesti-

384 1286 496 1323 oneS,
518 1274 646 1324 leges,
669 1278 839 1313 senatus
875 1274 1067 1313 consulta
1088 1304 1096 1312 .
1121 1305 1128 1312 .
1154 1305 1161 1312 .
1186 1274 1358 1324 reliqua,
1396 1274 1431 1312 si
1463 1286 1568 1324 quae
1602 1277 1712 1321 sunt,
1749 1286 1854 1324 quae
1888 1285 1972 1312 non

384 1340 652 1391 reperiuntur
673 1340 724 1379 ab
745 1344 919 1388 oratore,
943 1341 1016 1378 sed
1036 1341 1089 1378 ad
1118 1344 1325 1378 oratorem
1346 1352 1370 1378 a
1390 1352 1514 1378 causa
1533 1340 1780 1378 deferuntur
1799 1354 1807 1389 ;
1839 1339 1972 1381 altera

384 1409 451 1445 est
470 1419 576 1457 quae
597 1409 688 1445 tota
717 1406 761 1444 in
791 1406 1076 1457 disputatione
1104 1409 1146 1444 et
1176 1405 1220 1443 in
1250 1405 1609 1455 argumentatione
1640 1405 1816 1444 oratoris
1838 1405 1972 1444 conlo-

384 1475 479 1511 cata
511 1476 575 1511 est
623 1472 706 1511 and
740 1472 881 1518 Quint.
905 1472 943 1511 V
964 1472 1000 1520 1,
1030 1472 1052 1510 1
1089 1472 1156 1526 (de
1189 1471 1505 1522 probationibus
1541 1471 1895 1523 inartificialibus)
1932 1472 1969 1520 7,

385 1538 409 1577 1
423 1540 541 1577 —37
567 1539 635 1593 (de
655 1538 868 1589 testibus).
882 1538 1113 1576 —testibus
1134 1537 1168 1576 is
1199 1537 1342 1589 joined
1370 1542 1414 1576 to
1435 1538 1507 1576 the
1533 1537 1698 1587 generic
1718 1541 1827 1576 term
1856 1537 1866 1554 ³
1882 1550 1972 1589 pro-

384 1604 623 1643 bationibus
638 1605 648 1623 '
669 1604 725 1655 by
747 1604 756 1620 ³
770 1604 835 1643 et'
859 1604 903 1642 in
923 1604 1175 1643 accordance
1193 1604 1297 1642 with
1316 1604 1388 1642 the
1410 1616 1534 1653 usage
1557 1603 1730 1654 pointed
1751 1608 1823 1642 out
1840 1616 1871 1642 c.
1887 1605 1912 1643 9
1938 1610 1970 1642 1.

517 1692 563 1725 Of
579 1693 638 1724 the
655 1702 764 1733 many
782 1692 1028 1724 emendations
1044 1692 1231 1733 suggested
1248 1692 1304 1724 for
1325 1693 1385 1723 the
1410 1692 1602 1724 untenable
1619 1692 1626 1705 ‘
1641 1693 1829 1732 patronus’
1857 1692 1895 1724 of
1910 1692 1971 1724 the

474 1748 590 1787 MSS„
611 1748 695 1788 only
711 1748 719 1761 ¹
730 1748 890 1788 praetor'
913 1747 1049 1790 (Orelli)
1069 1757 1109 1779 or
1124 1747 1131 1760 ‘
1143 1747 1322 1788 protinus'
1345 1747 1478 1790 (Nolte)
1496 1756 1610 1778 seems
1625 1751 1663 1779 to
1680 1757 1736 1779 me
1753 1747 1967 1788 acceptable.

472 1803 480 1815 '
492 1803 700 1843 Inpatiens‚⁷
720 1802 874 1842 adopted
891 1802 939 1842 by
959 1802 1064 1834 Halm
1081 1802 1151 1834 and
1177 1802 1367 1841 Baehrens,
1388 1802 1417 1833 is
1433 1806 1496 1833 not
1513 1802 1599 1833 used
1616 1802 1826 1842 absolutely,
1845 1804 1972 1843 except

473 1867 494 1890 a
509 1858 578 1889 few
595 1858 699 1889 times
715 1858 751 1889 in
767 1857 839 1889 late
861 1858 978 1896 Latin,
999 1866 1027 1889 e.
1043 1867 1073 1898 g.
1096 1858 1252 1889 Macrob.
1278 1857 1418 1889 Saturn.
1437 1857 1509 1888 VII
1526 1858 1545 1888 5
1567 1861 1637 1889 ext.
1658 1857 1747 1888 nihil
1763 1861 1816 1889 est
1833 1857 1973 1898 impati-

472 1913 590 1944 entius
615 1912 802 1953 imperitia,
830 1922 896 1943 nor
923 1912 987 1943 has
1014 1912 1074 1943 the
1103 1911 1200 1943 word
1228 1912 1418 1952 anywhere
1446 1912 1506 1943 the
1534 1921 1717 1952 accessory
1744 1912 1911 1953 meaning
1933 1911 1973 1945 of

472 1968 617 2007 ‘haste,'
638 1967 753 1999 which
777 1967 805 1999 it
829 1967 938 2008 ought
961 1971 999 1998 to
1023 1967 1112 1998 have
1135 1967 1228 1998 here.

441 2045 492 2084 13
523 2057 655 2084 unus-
678 2069 685 2076 ·
708 2069 715 2076 ·
737 2047 812 2084 aut
828 2045 958 2084 alter:
991 2044 1054 2083 Cf.
1077 2047 1174 2081 note
1196 2056 1228 2081 c.
1252 2045 1276 2082 9
1296 2050 1349 2081 20.

441 2112 493 2149 14
524 2112 706 2150 clamore
730 2111 986 2161 plausuque:
1019 2109 1106 2147 The
1128 2122 1241 2147 same
1257 2109 1506 2148 collocation
1526 2122 1559 2148 e.
1575 2123 1610 2160 g.
1635 2111 1730 2149 Tac.
1749 2110 1804 2149 H.
1823 2110 1896 2148 III
1917 2110 1970 2149 83

384 2176 481 2215 illos
503 2177 682 2215 clamore
704 2179 746 2214 et
767 2176 918 2226 plausu
939 2175 1109 2213 fovebat
1130 2175 1213 2215 Cic.
1237 2176 1286 2213 de
1314 2175 1396 2213 div.
1420 2175 1442 2213 Ι
1463 2176 1528 2224 28,
1551 2177 1603 2214 59
1652 2189 1727 2226 pro
1748 2176 1793 2222 Q.
1818 2176 1970 2225 Gallio,

385 2243 533 2293 fragm.
557 2243 581 2280 2
627 2242 717 2281 Liv.
741 2242 944 2280 XXXIII
964 2241 1017 2280 32
1047 2244 1191 2279 tantus
1222 2254 1315 2279 cum
1345 2241 1524 2280 clamore
1554 2242 1724 2292 plausus
1755 2245 1820 2280 est
1841 2245 1969 2280 ortus.

384 2309 514 2348 -On
535 2309 606 2346 the
627 2308 821 2357 thought,
843 2307 897 2346 cf.
921 2307 1004 2346 Cic.
1037 2307 1154 2345 Brut.
1187 2307 1225 2355 2,
1248 2308 1272 2346 6
1303 2320 1397 2345 cum
1432 2307 1570 2345 forum
1601 2308 1745 2358 populi
1777 2307 1970 2357 Romani,

385 2375 497 2425 quod
518 2374 670 2412 fuisset
691 2373 811 2424 quasi
831 2373 1045 2411 theatrum
1072 2373 1187 2411 illius
1218 2373 1360 2422 ingeni
1404 2374 1454 2411 de
1483 2377 1584 2411 orat.
1608 2374 1653 2411 ΙΙ
1676 2374 1740 2422 83,
1763 2374 1842 2413 338
1873 2373 1973 2424 quia

385 2440 568 2479 maxima
588 2439 708 2490 quasi
738 2438 915 2477 oratoris
947 2451 1097 2477 scaena
1126 2438 1317 2476 videatur
1347 2438 1561 2477 contiones
1583 2452 1686 2487 esse,
1709 2443 1860 2478 natura
1879 2439 1972 2490 ipsa

385 2507 437 2544 ad
472 2505 659 2544 ornatius
696 2505 862 2543 dicendi
897 2517 1026 2554 genus
1062 2503 1319 2552 excitemur3
1351 2504 1476 2542 habet
1496 2504 1608 2542 enim
1639 2505 1864 2543 multitudo
1884 2505 1972 2543 vim

385 2572 593 2622 quandam
614 2571 743 2609 talem
764 2601 771 2609 .
797 2601 804 2609 .
829 2601 836 2608 .
861 2570 920 2609 sic
952 2574 1090 2608 orator
1122 2569 1211 2607 sine
1244 2569 1515 2608 multitudine
1551 2570 1745 2608 audiente
1771 2571 1970 2621 eloquens

385 2650 475 2676 esse
515 2650 598 2675 non
638 2637 783 2687 possit.
858 2635 1105 2683 Quintilian,
1141 2635 1302 2685 though
1340 2635 1392 2673 he
1432 2648 1527 2686 says
1565 2637 1605 2690 (I
1640 2637 1677 2683 2,
1710 2637 1752 2687 9)
1787 2636 1970 2687 optimus

386 2707 629 2754 praeceptor
662 2702 903 2752 frequentia
923 2702 1076 2752 gaudet
1108 2714 1155 2740 ac
1190 2701 1345 2739 maiore
1376 2714 1419 2739 se
1450 2701 1614 2739 theatro
1645 2702 1815 2751 dignum
1837 2706 1968 2753 putat,

386 2769 635 2820 apparently
657 2769 753 2807 does
775 2772 847 2806 not
869 2768 978 2818 fully
999 2767 1120 2806 share
1141 2767 1212 2805 the
1234 2766 1404 2817 opinion
1426 2766 1471 2805 of
1492 2767 1716 2806 Secundus.
1763 2768 1825 2807 Of.
1850 2768 1912 2807 IV
1930 2767 1970 2816 2,

387 2837 439 2875 37
471 2848 575 2886 quae
597 2835 765 2885 quidem
787 2834 922 2872 virtus
957 2837 1029 2888 (sc.
1051 2837 1099 2871 ut
1121 2833 1245 2871 iudex
1276 2845 1380 2883 quae
1412 2832 1603 2870 dicentur
1625 2846 1748 2882 quam
1769 2833 1971 2872 facillime

387 2900 583 2952 accipiat)
621 2899 858 2949 neglegitur
893 2911 917 2937 a
950 2898 1153 2949 plurimis,
1187 2897 1258 2948 qui
1299 2898 1351 2935 ad
1385 2897 1606 2936 clamorem
1641 2898 1868 2948 dispositae
1902 2898 1971 2938 vel
