2262 3224
445 203 532 246 130
1150 221 1313 254 NOTEs.

444 332 658 382 apathetic
679 333 861 373 attitude
882 336 1045 374 toward
1063 336 1200 375 works
1222 337 1267 375 of
1291 341 1368 386 art,
1391 338 1426 376 it
1446 351 1541 389 may
1561 338 1611 378 be
1634 338 1840 384 sufficient
1859 342 1903 379 to
1923 352 2036 379 men·

443 397 535 436 tion
566 398 745 438 Cicero's
776 400 985 451 admiring
1014 405 1235 451 comment,
1258 415 1332 454 pro
1353 403 1498 454 Pomp.
1523 405 1587 452 14,
1608 405 1661 443 40
1683 408 1893 455 postremo
1914 405 2036 456 signa

443 467 485 502 et
507 464 671 503 tabulas
701 469 920 516 ceteraque
952 471 1197 507 ornamenta
1218 469 1470 508 Graecorum
1494 470 1755 521 oppidorum,
1777 484 1883 521 quae
1904 471 2034 511 ceteri

442 530 631 569 tollenda
662 543 752 570 esse
784 531 1055 582 arbitrantur,
1089 546 1138 572 ea
1170 533 1251 572 sibi
1292 534 1365 573 ille
1406 548 1456 574 ne
1488 536 1664 575 visenda
1693 536 1862 587 quidem
1893 537 2036 577 existi-
2089 576 2097 583 .

443 596 585 634 mavit.
649 597 724 636 See
758 597 846 636 also
878 598 1137 651 Bernhardy,
1162 601 1281 639 Riim.
1309 600 1412 639 Lit.⁵
1442 614 1479 652 p.
1507 603 1559 640 54
1580 602 1637 650 ff„
1669 602 1953 652 Friedlander,
1984 603 2032 642 ΙΙ

442 661 522 701 187
536 661 565 700 f.
584 662 657 700 III
673 663 755 701 314
772 663 813 701 ff.
837 664 920 703 and
941 664 1117 716 Sandys,
1141 665 1223 705 Cic.
1249 666 1361 705 Orat.
1385 667 1423 715 2,
1445 668 1483 715 5,
1502 668 1659 707 Introd.
1684 681 1721 719 p.
1742 681 2032 708 Lxxr-Lxxw.

445 729 606 770 Goethe
620 730 703 768 and
720 731 900 769 Schiller
913 731 997 770 had
1011 732 1173 770 similar
1190 733 1472 783 experiences,
1489 746 1551 784 cp.
1568 733 1718 772 Lewis’
1734 734 1882 773 Goethe
1893 734 2029 785 p.155.

498 798 550 836 10
581 800 736 837 natura
760 809 860 837 sua.-
882 823 890 831 ·
911 823 918 830 ·
941 798 1187 849 denegavit:
1230 798 1317 837 The
1357 811 1468 837 same
1501 799 1651 849 phrase
1686 811 1828 838 occurs
1859 799 1903 837 in
1935 799 2029 838 Tac.

441 863 550 901 Ann.
574 863 656 902 XV
675 863 728 901 42
750 863 901 914 quibus
932 863 1148 914 ingenium
1170 894 1177 902 .
1202 894 1210 902 .
1235 894 1242 902 .
1266 868 1356 902 erat
1386 864 1526 912 etiam,
1548 877 1653 915 quae
1684 868 1834 904 natura
1860 864 2034 914 denega-

440 930 583 968 visset.
645 929 709 969 Cf.
741 929 830 968 also
861 930 945 970 Cic.
969 930 1020 968 de
1051 934 1152 969 orat.
1177 930 1223 968 II
1245 931 1310 978 29,
1333 930 1413 969 126
1443 943 1468 969 a
1497 934 1646 969 natura
1675 931 1924 980 denegatum
1955 930 2029 970 Ov.

440 996 515 1046 Ep.
542 995 694 1046 Sapph.
717 996 769 1035 31
792 996 933 1035 Lucan
955 996 1018 1035 VI
1039 997 1091 1035 59
1115 996 1204 1034 Iuv.
1230 997 1250 1034 I
1273 997 1335 1035 79.
1397 996 1617 1035 Translate
1637 1011 1645 1034 ε
1668 995 1747 1035 ‘To
1763 997 1898 1035 whom
1919 996 2033 1035 their

440 1061 607 1100 natural
629 1062 894 1101 endowment
914 1062 990 1101 has
1012 1062 1164 1101 denied
1185 1062 1403 1101 oratorical
1427 1062 1586 1101 talent.'
1642 1063 1730 1101 The
1751 1075 1924 1113 passage
1946 1075 2030 1102 was

440 1127 621 1179 perhaps
651 1128 876 1178 suggested
906 1128 962 1179 by
994 1128 1076 1168 Cic.
1100 1129 1150 1167 de
1183 1132 1284 1167 orat.
1316 1129 1337 1166 I
1367 1129 1433 1177 25,
1457 1129 1536 1168 117
1568 1141 1702 1179 neque
1733 1128 1835 1168 haec
1866 1128 1911 1166 in
1940 1140 2032 1167 eam

440 1193 694 1232 sententiam
716 1194 897 1244 disputo,
919 1198 967 1233 ut
991 1194 1182 1233 homines
1204 1195 1506 1243 adulescentes,
1529 1194 1565 1233 si
1586 1194 1689 1245 quid
1709 1194 1899 1234 naturale
1920 1194 2031 1234 forte

439 1272 523 1298 non
544 1260 737 1308 habeant,
760 1260 929 1299 omnino
950 1273 974 1299 a
994 1260 1160 1299 dicendi
1181 1261 1322 1299 studio
1343 1261 1587 1300 deterream.

574 1348 647 1381 Sua
672 1348 700 1380 is
725 1348 823 1389 quite
846 1348 1169 1389 unobjectionable.
1221 1349 1276 1382 Cf.
1297 1349 1369 1382 Cic.
1391 1350 1493 1381 Brut.
1521 1349 1576 1389 56,
1594 1349 1659 1381 204
1687 1358 1757 1390 quo
1783 1348 1876 1381 ferat
1901 1352 2034 1382 natura

528 1412 593 1436 sua
609 1413 795 1444 quemque.
847 1404 1035 1435 Andresen
1052 1404 1211 1444 (Emend.
1228 1413 1260 1444 p.
1282 1405 1357 1447 171)
1377 1405 1456 1436 who
1472 1404 1605 1436 deletes
1621 1404 1682 1435 the
1699 1413 1873 1444 pronoun,
1888 1403 2031 1435 himself

530 1458 708 1490 confesses
732 1461 740 1477 ⁴
752 1458 848 1490 unde
864 1462 986 1490 tamen
1005 1458 1195 1499 irrepserit,
1215 1468 1287 1490 non
1312 1459 1427 1491 audeo
1444 1458 1620 1491 affirmare
1632 1460 1640 1475 '
1667 1459 1739 1491 and
1763 1459 1849 1490 then
1873 1458 1972 1498 adds,
1992 1468 2033 1491 as

529 1513 557 1545 if
580 1514 640 1545 the
666 1514 739 1546 MS.
770 1513 918 1554 reading
943 1523 1034 1545 were
1060 1514 1157 1554 quite
1179 1514 1450 1554 unintelligible,
1480 1517 1565 1546 ‘nec
1591 1523 1673 1546 vero
1699 1513 1735 1545 id
1757 1513 1877 1555 potius
1900 1522 1966 1555 ago
1989 1515 2032 1545 ut

529 1568 814 1609 corruptelarum
831 1568 1004 1609 originem
1022 1569 1179 1608 aperiam
1197 1577 1304 1609 quam
1320 1572 1361 1600 ut
1377 1568 1564 1600 emendem
1577 1569 1585 1585 ’
1604 1571 1610 1601 i

496 1645 548 1683 12
580 1645 790 1684 oblectare
814 1645 965 1684 otium:
996 1645 1078 1683 For
1109 1645 1182 1683 the
1215 1645 1470 1695 expression,
1505 1644 1557 1684 cf.
1593 1645 1686 1683 Tac.
1714 1644 1822 1682 Ann.
1855 1645 1946 1683 XII
1975 1645 2031 1684 49

444 1710 574 1766 (cited
594 1710 743 1762 above>
766 1710 858 1749 Sen.
883 1710 992 1749 Dial.
1018 1710 1039 1748 I
1060 1711 1097 1758 5,
1120 1712 1146 1749 4
1168 1710 1276 1748 Plin.
1294 1711 1370 1761 Ep.
1391 1711 1452 1749 IV
1468 1713 1531 1760 14,
1555 1713 1591 1750 2.
1606 1722 1823 1750 ——nomen
1847 1710 2033 1750 inserere

440 1779 598 1816 famae:
629 1776 669 1814 A
697 1776 796 1815 bold
825 1776 968 1826 figure,
997 1777 1073 1815 but
1102 1777 1333 1828 paralleled
1359 1776 1402 1814 in
1424 1777 1518 1815 Tac.
1542 1777 1597 1814 H.
1621 1777 1667 1814 II
1690 1777 1741 1815 61
1765 1777 1932 1815 Marcus
1954 1806 1962 1814 .
1986 1806 1994 1815 .
2018 1806 2026 1815 .

440 1842 624 1881 inserere
646 1855 690 1881 se
711 1842 905 1881 fortunae
926 1842 1035 1881 Ann.
1059 1843 1120 1881 VI
1142 1843 1167 1881 2
1193 1842 1502 1893 ignobilitatem
1533 1855 1650 1881 suam
1671 1842 1834 1892 magnis
1855 1842 2032 1881 nomini-

440 1909 515 1947 bus
537 1908 698 1947 inserit.
743 1908 806 1949 Cf.
836 1908 925 1947 also
954 1908 1064 1947 Plin.
1088 1909 1164 1959 Ep.
1189 1909 1276 1948 VII
1308 1909 1374 1957 33,
1397 1909 1420 1947 1
1443 1908 1530 1947 illis
1566 1911 1637 1964 (sc.
1660 1907 1851 1947 historiis
1872 1907 2027 1960 Taciti)

440 1975 569 2014 inseri
590 1974 723 2025 cupio.

496 2041 549 2080 13
578 2052 697 2081 vero:
720 2040 789 2079 ‘of
817 2053 974 2089 course,
1005 2044 1049 2079 to
1079 2041 1129 2079 be
1160 2041 1282 2079 sure.’
1352 2040 1415 2080 Cf.
1439 2040 1639 2089 Wilkins,
1672 2040 1755 2081 Cic.
1781 2041 1833 2079 de
1856 2043 1958 2080 orat.
1981 2040 2030 2079 ΙΙ

441 2107 505 2155 71,
536 2107 1016 2158 290.—eloquentiam:
1047 2106 1233 2145 ‘artistic
1263 2106 1566 2158 composition)
1628 2106 1681 2145 So
1710 2119 1742 2145 6.
1768 2107 1821 2145 23
1842 2112 1863 2144 8
1887 2106 2027 2153 Quint.

440 2174 481 2211 X
502 2173 540 2222 2,
562 2173 613 2211 21
638 2174 721 2211 and
751 2187 818 2212 see
850 2178 946 2212 note
977 2188 1008 2212 6.
1032 2176 1056 2212 5
1080 2181 1130 2212 13.
1190 2173 1262 2223 Cp.
1285 2172 1374 2211 also
1402 2172 1677 2211 Friedlander
1698 2172 1769 2210 III
1791 2173 1871 2212 397
1887 2187 1895 2211 :
1918 2172 1940 2188 ‘³
1950 2172 2031 2212 Die

440 2238 589 2277 Poesie
621 2251 707 2277 war
738 2238 811 2277 der
844 2237 1162 2277 Beredsamkeit
1196 2238 1303 2277 nahe
1339 2239 1566 2288 verwandt,
1599 2238 1659 2277 sie
1689 2239 1832 2277 wurde
1866 2252 1916 2277 zu
1950 2239 2031 2278 den

441 2305 621 2343 Formen
650 2304 723 2343 der
738 2303 1086 2343 Wohlredenheit
1115 2304 1173 2342 im
1193 2304 1413 2343 weitesten
1435 2305 1563 2343 Sinne
1584 2305 1656 2344 des
1677 2305 1845 2344 Wortes
1866 2305 2032 2355 gezahlt

441 2371 527 2409 und
548 2370 732 2409 ‘beredt'
758 2369 999 2423 (facundus)
1014 2370 1186 2420 gehbrte
1206 2383 1256 2408 zu
1273 2371 1353 2409 den
1374 2370 1732 2420 gew'ohnlichsten
1751 2371 1839 2410 und
1858 2371 2031 2410 ehrend-

441 2440 535 2475 sten
555 2436 829 2475 Praedicaten
850 2437 923 2475 der
943 2436 1159 2475 Dichter.''

497 2503 549 2540 14
581 2514 740 2542 sacras:
770 2516 883 2541 sacer
901 2515 946 2541 as
967 2514 992 2541 a
1011 2514 1217 2554 synonym
1233 2503 1279 2542 of
1298 2502 1590 2542 ‘venerabilis'
1612 2503 1648 2542 is
1669 2502 1807 2554 poetic
1823 2504 1906 2543 and
1921 2507 2033 2555 post-

441 2568 547 2618 Aug.
577 2581 609 2606 e.
629 2582 664 2618 g.
699 2568 801 2606 Hor.
826 2568 868 2608 C.
892 2568 939 2606 II
961 2569 1025 2616 13,
1048 2569 1101 2607 29
1131 2569 1254 2619 Prop.
1277 2569 1350 2607 III
1372 2570 1423 2608 16
1448 2569 1529 2623 (IV
1549 2568 1620 2620 16)
1643 2569 1694 2607 11
1726 2570 1840 2608 Mart
1859 2570 1898 2609 V
1917 2571 1982 2619 69,
2004 2571 2029 2609 7

441 2635 554 2673 VIII
582 2635 634 2673 56
665 2635 763 2673 Luc.
787 2635 854 2673 IX
881 2635 962 2673 983
994 2634 1066 2673 Sil.
1089 2634 1186 2672 Ital.
1209 2635 1322 2673 VIII
1345 2635 1436 2682 100,
1459 2634 1535 2673 but
1564 2647 1654 2673 rare
1685 2634 1730 2672 in
1758 2648 1908 2685 prose:
1938 2648 1972 2674 e.
1991 2649 2028 2686 g.

444 2701 536 2739 Sen.
560 2701 700 2740 Contr.
724 2701 745 2738 I
769 2700 898 2751 praef.
922 2701 974 2738 10
1002 2700 1062 2738 sic
1083 2700 1348 2739 sacerrimam
1369 2700 1650 2750 eloquentiam
1673 2731 1680 2739 .
1706 2731 1713 2738 .
1738 2731 1746 2739 .
1769 2701 1926 2740 violare
1946 2714 2030 2740 non

442 2766 641 2805 desinunt
685 2767 823 2812 Quint.
847 2767 912 2805 XI
938 2767 975 2814 1,
998 2767 1050 2805 59
1083 2779 1199 2805 sacra
1230 2767 1433 2817 quaedam
1466 2766 1597 2817 patris
1628 2766 1717 2805 eius
1751 2767 2031 2806 memoria.—

443 2832 531 2870 The
553 2844 664 2870 same
686 2831 931 2870 collocation
953 2830 996 2868 in
1019 2831 1111 2869 Sen.
1135 2831 1210 2881 Ep.
1228 2831 1292 2879 14,
1308 2832 1357 2869 11
1382 2843 1532 2870 110111611
1552 2831 1842 2882 philosophiae
1864 2845 2030 2871 venera—
