2262 3224
1090 224 1129 258 c.
1156 224 1210 257 24.
1864 214 1951 257 255

343 339 542 393 unjustly
561 340 756 392 objected
786 343 843 390 to,
867 340 984 381 John
1006 341 1127 393 aptly
1149 353 1364 392 compares
1387 340 1471 381 Cic.
1495 340 1546 379 de
1569 340 1637 379 fin.
1662 341 1683 379 Ι
1705 341 1771 389 20,
1794 342 1847 380 69
1868 341 1953 393 ipsi

345 406 469 447 amici
500 410 673 459 propter
694 419 738 446 se
769 406 883 458 ipsos
905 411 1111 446 amentur.
1174 407 1251 446 See
1282 407 1372 446 also
1403 407 1564 446 Peter’s
1596 411 1694 446 note
1721 408 1775 446 ad
1805 407 1954 446 loc.—

344 485 420 525 per
443 474 789 526 quae=quibus
850 474 939 513 The
961 487 1035 513 use
1062 474 1109 513 of
1140 474 1260 526 ‘per'
1292 473 1396 513 with
1427 473 1500 512 the
1531 486 1613 513 acc.
1637 474 1683 513 of
1711 474 1784 513 the
1814 475 1951 525 thing,

343 539 390 579 in
409 540 529 592 place
550 541 597 580 of
615 541 688 580 the
709 540 830 580 usual
854 540 1152 580 instrumental
1174 541 1371 590 ablative,
1388 541 1537 591 begins
1558 544 1602 580 to
1624 541 1674 580 be
1695 554 1886 580 common
1908 542 1952 580 in

345 606 455 659 Livy
477 608 559 647 and
581 607 617 647 is
639 607 706 646 far
726 620 839 646 more
863 608 1062 659 frequent
1093 608 1138 646 in
1159 607 1332 647 Tacitus
1362 608 1466 647 than
1489 607 1626 658 might
1656 621 1813 659 appear
1843 609 1953 647 from

345 674 417 713 Dr.
444 674 528 713 Stil
556 688 595 726 p.
623 675 688 714 39.
711 675 777 714 43.
840 675 916 714 See
938 675 1011 714 the
1041 675 1142 726 long
1171 675 1247 714 list
1276 674 1323 713 of
1352 687 1445 713 exx.
1469 674 1513 712 in
1536 675 1636 714 Lex,
1660 676 1756 714 Tac.
1787 687 1817 714 s.
1842 689 1878 713 v.
1912 689 1950 727 p.

345 740 606 780 1093-1095.
668 741 719 779 In
741 741 814 780 the
836 741 945 781 Dial.
969 742 1092 792 again
1116 755 1148 782 c.
1171 742 1225 781 33
1246 748 1289 780 20
1319 742 1415 790 and,
1442 742 1610 793 exactly
1631 741 1807 791 similar,
1840 742 1949 781 Ann.

343 807 367 846 Ι
392 808 445 847 65
477 808 523 846 II
545 808 598 847 72
629 809 735 847 XVI
757 809 811 847 24
833 822 907 859 per
928 821 1035 860 quae
1059 809 1167 848 Ann.
1192 809 1214 847 I
1235 809 1300 848 28.
1325 809 1377 848 60
1410 809 1472 848 IV
1493 809 1545 848 18
1577 822 1652 860 per
1672 809 1775 848 haec
1796 810 1878 848 and
1907 822 1952 848 so

344 874 589 925 repeatedly
611 874 655 912 in
676 874 926 920 Quintilian.
989 875 1065 914 See
1087 874 1305 914 Bonnell's
1328 875 1526 913 Lexicon.

399 941 425 980 6
445 943 567 981 tuum
591 942 867 992 promissum:
912 942 988 981 See
1009 955 1042 981 0.
1067 943 1119 981 16
1141 949 1160 980 5
1186 942 1524 982 f.—inmutasse
1553 942 1695 982 debet:
1738 942 1841 981 This
1863 955 1954 994 pas-

341 1019 442 1058 sage
473 1007 509 1047 is
540 1008 813 1060 erroneously
834 1008 947 1047 cited
978 1008 1032 1060 by
1054 1009 1207 1048 earlier
1237 1008 1396 1047 editors
1427 1009 1511 1047 and
1542 1008 1789 1047 Weinkauff
1808 1023 1847 1060 p.
1873 1010 1952 1048 115

342 1086 389 1113 as
416 1087 471 1113 an
502 1074 695 1114 instance
727 1075 774 1114 of
804 1076 877 1114 the
905 1075 1056 1126 logical
1085 1076 1248 1127 perfect
1281 1079 1350 1130 (on
1382 1075 1521 1114 which
1552 1088 1620 1114 see
1651 1079 1749 1114 note
1780 1088 1812 1114 c.
1837 1077 1953 1115 1510

343 1141 396 1181 18
420 1141 494 1194 13),
517 1142 585 1180 for
605 1142 678 1181 the
700 1142 842 1181 action
863 1142 1039 1194 implied
1061 1142 1105 1181 in
1129 1143 1385 1181 ‘inmutasse
1400 1143 1410 1162 '
1434 1142 1469 1181 is
1491 1142 1740 1194 completed.

400 1209 425 1248 9
456 1221 508 1249 ne
532 1209 624 1260 ipse
648 1210 818 1261 quidem
843 1210 907 1250 ita
932 1210 1063 1250 sentit
1086 1213 1164 1248 etc.
1225 1210 1289 1249 Cf.
1314 1209 1397 1249 Cic.
1422 1210 1473 1248 de
1494 1213 1597 1248 orat.
1622 1210 1642 1247 I
1666 1210 1730 1258 18,
1753 1210 1806 1248 84
1828 1210 1954 1250 Char-

343 1275 487 1314 madas
521 1288 621 1314 vero
651 1276 785 1315 multo
821 1276 991 1315 uberius
1022 1276 1181 1315 eisdem
1214 1277 1265 1315 de
1302 1276 1425 1315 rebus
1455 1276 1719 1327 loquebatur,
1753 1289 1835 1315 non
1870 1290 1952 1328 quo

342 1341 529 1393 aperiret
560 1342 818 1382 sententiam
848 1356 995 1393 suam3
1028 1343 1097 1382 hic
1128 1343 1238 1382 enim
1271 1329 1360 1382 mos
1392 1346 1482 1382 erat
1513 1343 1676 1394 patrius
1698 1343 1952 1382 Academiae

343 1408 559 1448 adversari
582 1422 748 1461 semper
768 1410 963 1449 omnibus
985 1410 1028 1448 in
1050 1410 1307 1462 disputando
1329 1411 1394 1459 62,
1413 1411 1494 1449 263
1516 1410 1629 1449 haud
1650 1410 1736 1449 scio
1753 1423 1805 1450 an
1828 1411 1953 1449 aliter

344 1475 503 1515 sentias
524 1479 567 1515 et
596 1480 716 1516 utare
746 1480 822 1516 tua
851 1476 928 1516 illa
957 1477 1136 1516 mirifica
1155 1477 1209 1516 ad
1239 1477 1521 1516 refellendum
1552 1477 1855 1516 consuetudine
1877 1508 1885 1516 .
1910 1508 1917 1516 .
1942 1508 1951 1516 .

343 1542 462 1582 cuius
485 1543 656 1594 quidem
677 1543 812 1595 ipsius
834 1543 1054 1583 facultatis
1076 1543 1325 1583 exercitatio
1347 1548 1559 1583 oratorum
1588 1544 1759 1595 propria
1779 1548 1856 1593 est,
1879 1545 1954 1583 sed

343 1608 428 1648 iam
450 1609 494 1647 in
514 1610 863 1661 philosophorum
886 1611 1192 1650 consuetudine
1210 1615 1404 1650 versatur
1425 1611 1692 1662 maximeque
1714 1624 1856 1650 eorum
1879 1611 1953 1662 qui

343 1676 395 1715 de
435 1676 549 1715 omni
590 1689 634 1716 re
656 1677 893 1729 ‘proposita
932 1678 976 1716 in
1016 1682 1239 1730 utramque
1279 1682 1444 1730 partem
1485 1677 1623 1717 solent
1663 1678 1952 1729 copiosissime

343 1742 482 1783 dicere
503 1744 588 1783 and
608 1747 727 1783 notes
750 1757 782 1783 0.
807 1745 859 1783 15
883 1751 924 1782 10
946 1745 997 1784 16
1020 1751 1071 1783 10.

399 1810 452 1849 10
482 1822 596 1851 more
619 1814 761 1852 vetere
786 1814 828 1852 et
852 1823 877 1852 a
900 1812 1114 1852 veteribus
1139 1813 1425 1864 philosophis:
1468 1812 1558 1851 The
1579 1812 1775 1864 practice,
1798 1812 1953 1851 known

341 1889 388 1916 as
409 1881 459 1919 εἰς
476 1879 634 1930 ἑκάτερα
663 1879 909 1932 ἐπιχείρησις,
931 1878 975 1917 in
1005 1883 1229 1930 utramque
1258 1883 1423 1930 partem
1454 1879 1700 1931 disputatio,
1723 1879 1759 1918 is
1783 1880 1953 1931 usually

343 1945 544 1995 regarded
566 1957 612 1984 as
643 1958 668 1984 a
688 1945 875 1996 peculiar
896 1946 1061 1985 feature
1083 1946 1129 1985 of
1157 1946 1230 1985 the
1257 1947 1364 1985 New
1387 1946 1613 1998 Academy.
1675 1947 1763 1998 Cp„
1786 1947 1952 1986 besides

341 2010 415 2050 the
432 2024 608 2062 passage
624 2012 738 2051 cited
755 2012 799 2050 in
816 2013 1013 2064 previous
1035 2017 1147 2061 note,
1165 2026 1197 2052 0.
1221 2014 1272 2053 31
1291 2020 1334 2051 28
1356 2014 1516 2052 dabunt
1533 2013 1775 2053 Academici
1798 2027 1953 2064 pugna-

342 2077 515 2118 citatem
547 2079 631 2119 Cic.
665 2079 716 2118 de
747 2079 817 2118 fin.
849 2080 897 2132 H
929 2080 994 2129 13,
1026 2081 1079 2118 42
1111 2093 1217 2131 quae
1242 2084 1420 2131 possunt
1450 2081 1596 2119 eadem
1626 2084 1774 2119 contra
1804 2081 1954 2120 Carne-

342 2145 494 2184 adeum
526 2145 636 2185 illud
667 2159 876 2185 summum
911 2147 1067 2186 bonum
1096 2147 1178 2186 dici
1202 2148 1314 2198 quod
1349 2147 1384 2186 is
1417 2160 1502 2186 non
1531 2151 1632 2196 tam,
1663 2151 1711 2186 ut
1742 2148 1950 2198 probaret,

343 2212 523 2263 protulit
553 2226 678 2264 quam
709 2217 757 2252 ut
789 2213 942 2253 Stoicis
966 2245 973 2252 .
999 2244 1006 2252 .
1031 2245 1038 2253 .
1063 2218 1328 2265 oppugnaret
1359 2215 1409 2253 de
1441 2218 1543 2253 orat.
1573 2215 1595 2253 I
1626 2215 1692 2263 10,
1714 2215 1768 2254 43
1797 2214 1953 2254 Acade-

343 2278 439 2328 mia,
474 2292 592 2330 quae,
627 2280 838 2332 quidquid
873 2280 1068 2330 dixisses,
1102 2281 1146 2320 id
1180 2285 1222 2320 te
1253 2281 1393 2333 ipsum
1426 2294 1580 2332 negare
1621 2285 1787 2332 cogeret
1828 2283 1949 2321 Tusc.

344 2345 464 2397 Disp.
487 2346 534 2385 II
554 2348 593 2396 3,
616 2348 641 2387 9
672 2347 778 2386 mihi
808 2360 974 2399 semper
1004 2348 1386 2400 Peripateticarum
1417 2349 1752 2400 Academiaeque
1784 2362 1953 2388 consue-

342 2413 446 2452 tudo
466 2413 518 2452 de
538 2413 732 2453 omnibus
763 2414 886 2454 rebus
918 2414 964 2453 in
993 2415 1225 2454 contrarias
1256 2419 1398 2466 partes
1435 2415 1670 2454 disserendi
1694 2446 1702 2454 .
1727 2448 1734 2455 .
1759 2446 1766 2454 .
1792 2415 1953 2467 placuit

343 2479 486 2526 Quint.
520 2481 614 2519 XII
648 2481 687 2530 2,
724 2482 778 2520 25
814 2481 1087 2521 Academiam
1119 2482 1292 2533 quidam
1324 2482 1597 2521 utilissimam
1631 2483 1807 2521 credunt
1840 2483 1953 2533 quod

344 2558 433 2585 mos
464 2546 509 2585 in
538 2551 761 2599 utramque
792 2552 956 2600 partem
987 2549 1234 2600 disputandi
1265 2550 1316 2588 ad
1349 2549 1694 2588 exercitationem
1719 2549 1952 2588 forensium

343 2625 563 2653 causarum
597 2615 787 2666 proxime
822 2616 1004 2655 accedat.
1066 2616 1178 2655 Plut.
1211 2617 1262 2655 de
1298 2616 1378 2655 fac.
1414 2616 1500 2655 lun.
1536 2617 1617 2656 923
1649 2617 1697 2655 A.
1761 2617 1836 2655 See
1862 2616 1952 2655 also

344 2680 467 2729 Reid,
504 2681 588 2721 Cic.
625 2681 755 2721 Acad.
790 2683 857 2721 Pr.
896 2683 934 2731 2,
967 2685 1124 2722 7.—et
1157 2684 1355 2722 veteribus
1380 2683 1637 2734 philosophis
1668 2683 1704 2722 is
1738 2683 1873 2724 added
1906 2686 1951 2721 to

346 2751 482 2786 ‘more
503 2751 645 2787 vetere
659 2748 669 2768 '
693 2749 758 2788 for
778 2749 851 2788 the
874 2749 974 2788 sake
997 2749 1043 2788 of
1062 2763 1211 2789 nearer
1231 2750 1466 2799 definition,
1488 2750 1543 2789 cf.
1568 2755 1666 2789 note
1688 2763 1720 2788 0.
1744 2752 1768 2789 9
1796 2757 1825 2788 1.

480 2837 695 2878 Nipperdey,
717 2838 781 2870 Rh.
803 2839 896 2872 Mus.
919 2839 1006 2871 XIX
1026 2840 1090 2871 570
1109 2839 1131 2871 f.
1154 2840 1218 2872 has
1235 2840 1270 2871 in
1289 2849 1350 2880 my
1366 2839 1556 2881 judgment
1573 2839 1785 2880 irrefutably
1804 2839 1952 2871 demon-

434 2892 570 2924 strated
586 2893 646 2925 the
669 2894 910 2935 untenability
928 2894 966 2926 of
989 2895 1076 2926 both
1097 2895 1261 2927 ‘vestris'
1282 2895 1354 2927 and
1374 2899 1382 2913 ‘
1395 2895 1550 2928 nostris)
1600 2895 1698 2927 John
1722 2895 1767 2927 ad
1792 2894 1857 2927 loc.
1879 2894 1951 2927 and
