2262 3224
822 200 1203 234 PROLEGOMENA.
1708 188 1815 230 xciii

200 329 232 355 ο.
251 318 294 354 31
307 324 324 352 1
339 317 377 353 fl.
404 317 473 352 hoc
493 317 563 351 sibi
584 317 636 350 illi
660 321 799 350 veteres
829 326 976 359 persuap

246 378 369 410 serant
393 398 401 407 .
430 398 439 407 .
468 399 476 407 .
505 382 596 415 opus
629 382 706 406 esse
745 382 819 406 non
857 377 899 406 ut
937 375 975 406 in

245 432 432 466 rhetorum
467 429 598 463 scholis
633 429 879 462 declamarent
909 441 975 464 nec

245 493 288 523 ut
302 487 396 522 fictis
411 495 479 520 nec
500 486 575 519 ullo
597 486 705 519 modo
723 487 769 519 ad
786 488 975 521 veritatem

245 544 502 580 accedentibus
530 544 785 576 controversiis
815 544 975 586 linguam

245 601 355 636 modo
379 603 416 634 et
439 609 566 634 vocem
591 603 800 632 exercerent

222 717 230 726 .
250 691 294 725 31
307 697 342 724 ιο
357 690 394 724 ff.
415 690 461 723 de
484 690 614 732 quibus
639 690 782 731 copiose
798 693 835 722 et
850 693 976 722 ornate

245 757 354 782 nemo
369 746 489 780 dicere
506 750 636 788 potest,
653 746 722 778 nisi
735 746 797 787 qui
810 746 977 787 cognovit

245 807 416 838 naturam
440 803 640 836 humanam
658 806 695 835 et
710 802 783 834 vim
800 802 976 834 virtutum

245 861 534 903 pravitatemque
568 859 738 891 vitiorum
757 884 764 891 .
787 883 794 891 .
817 884 824 891 .
846 867 891 890 ex
921 858 977 890 his

245 915 409 950 fontibus
449 916 559 949 etiam
600 915 661 948 illa
700 913 897 956 profluunt,
935 917 977 946 ut

245 972 389 1006 facilius
412 972 504 1005 iram
530 971 658 1004 iudicis
680 970 735 1003 vel
758 970 905 1011 instiget
920 969 976 1002 vel

246 1029 360 1062 leniat
380 1029 442 1070 qui
463 1029 532 1061 scit
550 1028 636 1070 quid
654 1028 708 1060 ira
724 1031 760 1059 et
776 1026 977 1068 promptius

247 1085 295 1118 ad
325 1084 597 1117 miserationem
630 1083 792 1124 impellat
821 1082 883 1123 qui
909 1082 977 1114 scit

248 1141 336 1183 quid
351 1141 399 1174 sit
414 1139 661 1172 misericordia
672 1142 709 1171 et
722 1138 852 1180 quibus
864 1137 977 1170 animi

248 1196 408 1230 motibus
423 1196 635 1229 concitetur.

1044 318 1088 350 de
1110 320 1200 350 orat.
1221 316 1240 349 Ι
1261 316 1316 358 33,
1331 315 1395 349 149
1419 315 1586 358 equidem
1610 316 1723 357 probo
1748 317 1817 348 ista

1088 377 1129 406 ut
1152 381 1261 406 causa
1285 372 1406 413 aliqua
1429 372 1614 413 proposita
1638 371 1818 404 consimili

1089 437 1279 463 causarum
1303 437 1429 460 earum
1453 436 1545 468 quae
1566 427 1603 459 in
1621 426 1742 459 forum
1758 429 1819 461 de-

1089 487 1263 526 ferantur,
1291 484 1419 517 dicatis
1447 493 1556 525 quam
1586 485 1743 517 maxime
1771 486 1818 519 ad

1089 543 1277 575 veritatem
1291 541 1534 574 accomodate.
1576 541 1645 574 Sed
1658 541 1819 583 plerique

1090 600 1127 632 in
1143 600 1210 632 hoc
1227 608 1352 632 vocem
1369 598 1477 630 modo
1496 623 1503 630 .
1527 623 1534 631 .
1557 623 1564 630 .
1586 602 1756 630 exercent

1044 690 1089 722 de
1106 693 1195 723 orat.
1210 689 1226 721 I
1242 690 1293 729 12,
1306 689 1348 721 53
1367 689 1447 729 quis
1464 688 1561 719 enim
1580 688 1694 720 nescit
1706 688 1821 720 maxi-

1089 755 1186 777 mam
1207 746 1280 776 vim
1304 745 1458 776 existere
1482 743 1635 776 oratoris
1652 743 1689 775 in
1705 743 1821 776 homi-

1089 811 1178 833 num
1206 801 1388 833 mentibus
1412 799 1469 833 vel
1496 800 1543 833 ad
1570 800 1662 833 iram
1685 803 1749 833 aut
1772 800 1820 832 ad

1090 857 1212 889 odium
1230 860 1293 889 aut
1310 857 1356 889 ad
1373 856 1534 889 dolorem
1554 857 1748 889 incitandis
1763 855 1820 888 vel

1090 914 1136 945 ab
1166 913 1262 945 hisce
1303 913 1416 945 isdem
1454 913 1742 954 permotionibus
1772 911 1820 944 ad

1089 969 1277 1001 lenitatem
1319 969 1678 1009 misericordiamque
1720 977 1822 1000 revo-

1090 1025 1241 1057 candis?
1266 1034 1358 1066 quae
1374 1025 1444 1057 nisi
1463 1025 1524 1066 qui
1542 1029 1692 1057 naturas
1706 1024 1822 1056 homi-

1088 1091 1178 1113 num
1217 1081 1361 1122 vimque
1398 1091 1542 1113 omnem
1583 1079 1822 1113 humanitatis

1090 1146 1285 1178 causasque
1317 1146 1378 1169 eas
1410 1138 1541 1178 quibus
1582 1141 1723 1169 mentes
1757 1139 1822 1168 aut

1090 1192 1290 1225 incitantur
1314 1196 1378 1225 aut
1402 1192 1648 1233 reflectuntur,
1676 1193 1822 1234 penitus

1090 1249 1323 1290 perspexerit,
1344 1248 1498 1281 dicendo
1515 1249 1612 1290 quod
1629 1248 1725 1281 volet
1741 1257 1822 1289 per-

1090 1303 1197 1336 ficere
1214 1313 1288 1336 non
1305 1304 1449 1345 poterit.

204 1407 235 1432 c.
255 1398 300 1431 39
315 1404 349 1430 13
371 1407 430 1430 res
449 1397 549 1430 velut
570 1397 608 1429 in
629 1395 822 1429 solitudine
844 1395 974 1437 agitur,
1046 1394 1091 1426 de
1123 1397 1211 1426 orat.
1242 1394 1278 1425 II
1310 1394 1365 1433 83,
1393 1394 1458 1426 338
1498 1393 1539 1426 fit
1578 1397 1699 1426 autem
1738 1393 1823 1434 quia

251 1453 386 1487 oratori
424 1456 547 1486 autem
586 1452 742 1485 clamore
778 1451 978 1493 plausuque
1091 1450 1252 1482 maxima
1268 1450 1402 1482 oratori
1419 1459 1549 1483 scaena
1566 1450 1686 1482 contio
1704 1452 1757 1482 est
1768 1473 1775 1480 .
1790 1473 1798 1480 .
1812 1473 1822 1480 .

251 1519 342 1552 opus
372 1513 427 1542 est
454 1513 491 1541 et
517 1508 616 1541 velut
647 1507 804 1549 quodam
835 1507 978 1539 theatro
1091 1506 1201 1538 habet
1225 1506 1321 1538 enim
1346 1506 1542 1538 multitudo
1559 1507 1632 1538 vim
1653 1505 1764 1538 talem
1780 1507 1823 1536 ut

251 1590 260 1600 .
282 1591 290 1599 .
312 1590 320 1598 .
340 1575 424 1598 cum
442 1568 499 1598 tot
516 1565 653 1606 pariter
674 1573 715 1596 ac
739 1566 816 1596 tam
840 1562 980 1595 nobiles
1093 1565 1215 1594 orator
1253 1563 1330 1594 sine
1374 1562 1607 1594 multitudine
1651 1561 1822 1593 audiente

251 1621 372 1654 forum
395 1623 604 1654 coartarent
627 1623 694 1653 etc.
1093 1610 1265 1659 eloqu'ens
1289 1627 1364 1650 esse
1389 1627 1463 1650 non
1487 1617 1628 1658 poterit.

263 1722 376 1761 That
394 1721 468 1760 the
488 1721 575 1760 lost
595 1720 791 1770 dialogue
808 1719 1055 1758 Hortensius
1074 1731 1160 1757 was
1183 1718 1272 1757 also
1293 1731 1408 1756 more
1430 1718 1697 1768 extensively
1717 1717 1823 1756 used

206 1789 315 1828 than
347 1788 487 1839 might
521 1800 678 1839 appear
710 1787 821 1825 from
851 1786 924 1825 the
956 1785 1136 1837 solitary
1166 1785 1389 1836 quotation
1420 1784 1466 1822 in
1496 1797 1528 1823 c.
1553 1785 1605 1823 16
1626 1790 1669 1822 28
1699 1784 1824 1822 could

207 1855 317 1896 have
350 1855 460 1895 been
495 1855 634 1906 safely
669 1853 943 1906 conjectured
978 1866 1032 1892 on
1067 1852 1238 1903 general
1274 1853 1472 1903 grounds,
1504 1852 1572 1890 for
1607 1851 1641 1890 it
1677 1851 1713 1890 is
1749 1855 1824 1890 not

207 1922 344 1975 likely
362 1922 460 1962 that
483 1934 538 1961 an
563 1921 716 1960 author
737 1921 831 1959 who
853 1932 1005 1971 proves
1027 1919 1204 1958 himself
1225 1932 1270 1958 so
1291 1918 1550 1970 profoundly
1571 1921 1824 1957 conversant

207 1989 317 2029 with
341 1989 524 2030 Cicero's
552 1988 692 2027 works
720 1987 861 2026 would
891 1987 999 2026 have
1030 1986 1252 2037 neglected
1281 1989 1325 2024 to
1356 1985 1484 2037 pluck
1515 1998 1629 2024 some
1659 1985 1824 2024 flowers

209 2056 320 2095 from
349 2055 424 2095 the
455 2054 625 2106 ‘regina
654 2053 943 2106 dialogorum,'
976 2066 1021 2092 as
1052 2053 1126 2092 the
1158 2052 1415 2091 Hortensius
1446 2051 1659 2091 hasbeen
1688 2052 1825 2104 justly

210 2121 412 2175 styled.¹⁸²
469 2122 557 2162 One
588 2121 691 2160 such
722 2120 1024 2159 reminiscence
1054 2133 1132 2159 can
1154 2119 1245 2158 still
1266 2119 1317 2158 be
1339 2120 1485 2158 traced
1504 2119 1611 2158 with
1632 2119 1824 2158 absolute

209 2189 434 2241 certainty,
465 2188 594 2228 while
625 2188 671 2226 in
700 2191 785 2226 two
816 2187 938 2226 other
968 2186 1181 2225 instances
1213 2186 1348 2225 direct
1381 2186 1682 2225 indebtedness
1714 2186 1749 2224 is
1781 2189 1825 2224 at

209 2256 320 2296 least
340 2259 416 2295 not
436 2255 710 2307 improbable.

269 2323 465 2363 Scholars
501 2322 609 2361 have
646 2322 747 2372 long
781 2334 858 2371 ago
895 2321 1214 2360 demonstrated
1249 2320 1344 2359 that
1387 2319 1646 2359 lamblichus
1677 2320 1721 2358 in
1750 2320 1824 2359 the

210 2389 504 2442 Protrepticus
525 2402 571 2428 as
593 2389 691 2428 well
712 2401 757 2427 as
781 2388 926 2428 Cicero
954 2388 999 2426 in
1029 2388 1102 2426 the
1134 2387 1394 2426 Hortensius
1425 2387 1538 2426 alike
1569 2387 1682 2425 drew
1711 2400 1826 2438 upon

211 2470 237 2498 a
257 2470 448 2497 common
469 2469 629 2505 source,
651 2455 822 2506 namely
844 2454 1089 2493 Aristotle's
1115 2452 1468 2506 Προτρετιηινικός.183
1526 2454 1709 2504 Bearing
1737 2453 1825 2493 this

212 2524 302 2564 fact
321 2524 368 2563 in
388 2524 519 2572 mind,
542 2535 604 2562 we
626 2536 723 2574 may
745 2535 938 2573 compare
959 2522 1032 2560 the
1055 2521 1277 2571 following
1296 2524 1380 2559 two
1402 2533 1599 2571 passages
1617 2536 1624 2559 ε

273 2635 316 2657 1⁸2
331 2636 426 2668 That
442 2636 503 2668 the
519 2635 658 2676 subject
675 2634 712 2666 of
729 2634 909 2675 eloquence
925 2643 999 2666 was
1016 2633 1090 2665 also
1107 2633 1289 2665 discussed
1313 2633 1349 2664 in
1375 2632 1403 2664 it
1426 2633 1492 2664 has
1515 2632 1606 2665 been
1629 2632 1755 2665 shown
1777 2632 1826 2674 by

213 2691 395 2732 Plasberg,
414 2691 467 2723 De
495 2690 674 2723 Ciceronis
699 2689 889 2721 Hortensio
911 2698 944 2730 p.
962 2689 1005 2720 34
1022 2688 1064 2729 f.,
1084 2688 1257 2729 although
1274 2688 1318 2720 he
1335 2688 1517 2729 strangely
1535 2688 1750 2720 overlooked
1766 2689 1827 2720 the

213 2757 361 2790 passage
379 2746 474 2779 cited
491 2746 585 2778 from
604 2746 839 2787 Augustinus.

275 2805 318 2827 ¹⁸⁸
334 2806 406 2837 For
421 2805 482 2837 the
498 2804 654 2837 detailed
672 2803 788 2845 proof,
804 2811 862 2834 see
879 2801 1060 2842 Bywater‚
1076 2799 1177 2832 Jour.
1195 2799 1237 2839 os
1251 2800 1343 2832 Phil.
1359 2800 1395 2831 11
1413 2801 1455 2832 55
1473 2799 1508 2832 ff.
1533 2801 1682 2840 Usener,
1699 2800 1823 2833 Rhein.

215 2861 308 2895 Mus.
339 2861 505 2894 XXVIII
529 2861 594 2893 390
619 2860 655 2892 ff.
692 2859 802 2897 Diels,
831 2857 963 2890 Archiv
987 2857 1020 2896 f.
1052 2856 1169 2889 Gesch.
1199 2856 1259 2888 der
1292 2856 1517 2896 Philosophia
1541 2857 1558 2888 I
1581 2857 1645 2889 477
1664 2856 1700 2889 ff.
1751 2856 1826 2888 The

216 2919 371 2958 attempt
399 2916 437 2949 of
464 2917 501 2949 P.
532 2915 709 2955 Hartlich,
737 2915 854 2954 Leipz.
885 2913 983 2945 Stud.
1014 2912 1068 2944 XI
1095 2911 1251 2943 291—300
1281 2912 1352 2944 and
1381 2912 1525 2953 passim,
1556 2916 1594 2944 to
1621 2913 1721 2944 show
1748 2912 1827 2944 that
