2262 3224
1049 226 1088 260 c.
1116 226 1170 259 23.
1819 212 1905 256 253

359 345 413 386 17
443 345 696 386 infirmitas:
718 345 834 384 Here
856 344 902 384 in
922 344 978 384 its
1002 343 1196 384 classical
1223 341 1422 392 meaning
1452 340 1804 392 ‘indisposition.'
1854 341 1907 379 In

303 415 414 452 most
442 411 661 463 post-Aug.
687 412 862 451 authors
896 412 971 451 the
1009 411 1127 450 word
1160 410 1197 450 is
1237 408 1443 460 virtually
1479 420 1766 460 synonymous
1801 407 1908 446 with

302 479 485 518 morbus.
509 491 541 518 e.
555 492 592 530 g.
611 478 723 518 Plin.
739 479 793 518 ad
809 479 920 517 Trai.
936 479 1003 517 XI
1026 479 1139 517 Suet.
1155 477 1246 516 Tib.
1261 478 1324 517 72.
1388 475 1511 515 With
1529 475 1603 514 the
1632 475 1828 526 thought,
1851 475 1904 514 cf.

305 546 399 586 Sen.
421 546 521 585 Nat.
544 545 712 592 Quaest.
734 544 846 583 Prol.
869 545 895 584 6
934 543 1117 583 multum
1158 543 1338 582 interest
1373 534 1485 582 inter
1525 542 1638 581 vires
1674 546 1718 581 et
1755 542 1908 581 bonam

301 612 602 652 valetudinem.

358 679 412 719 18
442 691 515 720 vos
537 690 657 720 vero:
678 678 705 718 i.
728 691 762 718 e.
785 678 906 718 these
927 678 1116 718 remarks
1138 678 1191 717 do
1211 680 1287 717 not
1307 676 1438 729 apply
1458 680 1503 716 to
1522 689 1607 728 you
1627 676 1722 716 who
1742 676 1908 728 despite

300 758 409 799 your
429 746 595 786 intense
615 745 871 785 admiration
892 746 960 784 for
980 745 1053 784 the
1075 745 1280 794 ancients,
1297 745 1351 783 do
1371 747 1447 783 not
1467 743 1676 795 slavishly
1697 743 1842 783 follow
1863 743 1909 782 in

301 812 415 853 their
435 813 658 864 footsteps,
680 813 748 852 for
767 825 875 864 your
896 812 1108 863 speeches,
1124 811 1252 850 while
1273 810 1488 862 retaining
1507 811 1622 850 what
1642 811 1678 850 is
1700 810 1909 850 excellent

302 892 456 931 among
474 879 548 919 the
577 879 782 928 ancients,
805 891 875 918 are
896 878 1128 918 admirable
1158 878 1394 930 specimens
1415 878 1462 917 of
1488 878 1562 917 the
1592 878 1766 917 modern
1797 877 1908 929 style

301 946 350 985 of
377 946 606 998 eloquence
627 946 711 986 and
731 946 835 998 they
855 946 945 984 will
966 958 1117 985 sooner
1138 958 1184 984 or
1204 945 1312 984 later
1332 945 1383 984 be
1405 945 1611 996 regarded
1631 957 1677 984 as
1699 944 1910 995 shedding

300 1012 436 1053 lustre
455 1026 570 1065 upon
592 1026 667 1052 our
688 1026 775 1064 age.
1022 1032 1033 1043 ·

357 1080 411 1120 19
441 1080 693 1120 inlustrate:
725 1079 789 1120 Of.
819 1092 852 1119 0.
876 1080 929 1119 37
951 1085 994 1117 24
1026 1079 1110 1118 and
1141 1078 1283 1126 Quint.
1317 1080 1360 1118 X
1392 1079 1429 1127 1,
1462 1079 1543 1117 122
1585 1091 1749 1118 summa
1781 1078 1908 1117 hodie

301 1145 454 1198 quibus
475 1146 730 1186 inlustratur
761 1146 902 1185 forum
932 1146 1113 1196 ingenia.
1175 1145 1278 1184 This
1300 1145 1554 1197 apostrophe
1575 1158 1660 1184 was
1691 1145 1908 1184 doubtless

301 1214 529 1264 suggested
549 1214 604 1265 by
626 1213 709 1253 Cic.
734 1213 785 1252 de
806 1216 911 1252 orat.
935 1213 957 1251 Ι
979 1213 1017 1262 8,
1039 1213 1093 1252 34
1124 1225 1251 1264 quam
1271 1212 1324 1251 ob
1354 1225 1442 1251 rem
1472 1212 1649 1264 pergite,
1671 1216 1720 1251 ut
1749 1212 1906 1262 facitis,

300 1280 593 1320 adulescentes
615 1284 742 1332 atque
763 1280 809 1318 in
829 1279 875 1319 id
895 1279 1096 1329 studium,
1119 1279 1165 1318 in
1185 1292 1268 1331 quo
1289 1279 1405 1328 estis,
1429 1279 1671 1318 incumbite.

356 1347 411 1386 22
441 1348 592 1388 electio
617 1348 900 1388 inventionis:
931 1346 1181 1386 Translate:
1213 1346 1223 1362 ‘
1239 1346 1352 1386 Such
1380 1346 1610 1398 happiness
1641 1347 1694 1385 do
1722 1359 1807 1398 you
1828 1346 1909 1386 dis-

299 1413 402 1467 play
423 1413 469 1453 in
487 1414 561 1454 the
583 1413 726 1454 choice
748 1414 795 1453 of
813 1427 919 1465 your
941 1413 1133 1466 subject!

438 1507 447 1523 ⁶
461 1505 524 1537 ea’
551 1504 581 1536 is
606 1513 654 1536 an
679 1503 825 1536 evident
849 1503 1080 1536 emendation
1111 1502 1170 1535 for
1196 1503 1273 1535 ‘et’
1308 1503 1426 1535 which
1451 1503 1615 1544 destroys
1640 1503 1700 1535 the
1728 1504 1908 1543 asyndetic

389 1559 603 1592 collocation
618 1568 658 1592 so
674 1559 849 1600 carefully
862 1558 1052 1600 preserved
1067 1559 1289 1600 throughout
1305 1559 1366 1590 the
1382 1558 1664 1600 symmetrically
1678 1559 1907 1592 constructed

388 1615 605 1656 peroration.

353 1681 409 1720 24
439 1682 629 1734 planitas
659 1681 969 1733 ‘perspicuity,'
992 1694 1017 1720 a
1037 1683 1101 1721 ἅπ.
1125 1684 1190 1733 εῖρ.
1214 1681 1379 1720 formed
1399 1681 1509 1720 from
1540 1680 1742 1733 ‘planus,’
1767 1681 1908 1721 which

297 1747 419 1789 often
439 1748 515 1788 has
535 1748 624 1788 this
645 1748 855 1799 meaning.
917 1748 981 1788 Cf.
1005 1751 1105 1786 note
1126 1760 1159 1787 0.
1182 1748 1234 1786 21
1259 1754 1311 1786 16.

353 1815 408 1855 26
438 1815 691 1867 malignitas
716 1818 758 1855 et
782 1815 974 1855 invidia:
1000 1814 1089 1853 The
1107 1827 1221 1853 same
1238 1814 1490 1854 collocation
1506 1827 1650 1854 occurs
1672 1815 1717 1854 in
1734 1828 1769 1869 c.
1788 1816 1842 1854 25
1862 1822 1906 1854 28

300 1881 458 1938 (where
479 1894 549 1921 see
570 1882 687 1933 note)
713 1882 808 1921 Sen.
827 1882 878 1920 de
900 1881 964 1920 ira
984 1881 1057 1919 ΙΙΙ
1078 1882 1103 1920 5
1143 1882 1220 1932 Ep.
1238 1881 1331 1930 106,
1355 1882 1379 1920 6
1421 1882 1536 1921 Curt.
1556 1882 1670 1921 VIII
1692 1882 1729 1931 1,
1747 1883 1800 1921 23
1822 1883 1907 1922 and

298 1961 345 1988 so
371 1948 582 2000 similarly
624 1949 723 1988 Sall.
748 1949 837 1988 Cat.
861 1949 899 1997 3,
921 1949 947 1986 2
978 1947 1281 1987 malevolentia
1310 1952 1353 1987 et
1383 1948 1547 1988 invidia
1586 1949 1670 1989 010.
1694 1950 1813 1988 Brut.
1836 1950 1904 1999 42,

298 2015 380 2055 156
415 2015 532 2056 Caes.
557 2016 605 2055 B.
625 2016 673 2055 G.
693 2016 715 2054 I
732 2017 757 2055 7
779 2015 1033 2055 obtrectatio
1054 2018 1097 2054 et
1118 2014 1283 2054 invidia
1317 2016 1412 2054 Tac.
1432 2015 1509 2066 Ag.
1528 2016 1580 2054 41
1617 2015 1729 2055 Plin.
1748 2017 1903 2067 Paneg.

297 2081 366 2132 58,
402 2082 428 2122 5
469 2082 582 2121 Suet.
617 2082 717 2121 Ner.
746 2082 800 2121 23
841 2082 927 2122 Cal.
965 2083 1018 2121 34
1058 2082 1325 2132 malignitate
1358 2085 1401 2121 et
1432 2081 1576 2121 livore.
1607 2083 1702 2122 Tac.
1735 2083 1791 2122 H.
1825 2084 1847 2122 I
1880 2084 1903 2122 1

297 2148 549 2188 obtrectatio
569 2151 612 2188 et
631 2146 766 2188 livore
801 2149 851 2188 D.
874 2149 993 2188 Brut.
1012 2161 1076 2200 ap.
1096 2148 1181 2189 010.
1200 2149 1254 2188 ad
1274 2149 1374 2188 fam.
1397 2150 1464 2188 XI
1482 2149 1546 2198 10,
1565 2149 1588 2188 1
1606 2150 1907 2190 malevolentia

297 2219 342 2255 et
361 2215 506 2255 livore.
540 2216 616 2255 See
632 2215 894 2268 Nipperdey,
916 2217 999 2255 Bk.
1018 2217 1126 2254 Mus.
1151 2216 1263 2255 XIX
1284 2217 1336 2255 57
1340 2217 1376 2255 3.
1391 2216 1550 2255 —The
1572 2216 1803 2256 sentiment
1823 2217 1859 2256 is
1881 2230 1906 2257 a

296 2283 622 2335 commonplace.
687 2283 751 2324 Cf.
775 2283 849 2323 Ov.
874 2283 968 2322 Am.
992 2283 1014 2321 I
1036 2283 1101 2332 15,
1124 2284 1177 2322 39
1195 2283 1223 2322 f.
1248 2283 1446 2322 Pascitur
1467 2283 1512 2322 in
1532 2283 1643 2323 vivis
1664 2284 1786 2334 livor,
1808 2289 1906 2336 post

297 2349 390 2389 fata
408 2349 592 2402 quiescit
617 2349 622 2406 Ι
648 2353 749 2389 tunc
781 2362 882 2389 suus
910 2363 962 2389 ex
993 2350 1145 2389 merito
1166 2363 1374 2401 quemque
1405 2354 1549 2389 tuetur
1580 2351 1712 2390 honos
1753 2352 1829 2403 Ep.
1853 2365 1905 2391 ex

296 2417 419 2456 Pont.
439 2417 512 2455 III
532 2418 571 2466 4,
588 2418 670 2457 474
687 2417 717 2456 f.
760 2417 928 2468 Scripta
948 2416 1117 2468 placent
1137 2430 1162 2456 a
1182 2420 1316 2456 morte
1338 2417 1427 2456 fere
1449 2417 1549 2468 quia
1569 2417 1734 2457 laedere
1756 2418 1894 2475 vivos!

296 2482 407 2522 livor
427 2486 470 2522 et
490 2483 649 2523 iniusto
671 2496 842 2534 carpere
863 2484 989 2522 dente
1011 2483 1120 2522 solet
1159 2484 1222 2523 IV
1243 2484 1308 2532 16,
1332 2484 1355 2522 1
1374 2484 1404 2523 f.
1428 2483 1584 2533 invide,
1609 2484 1713 2535 quid
1743 2485 1904 2525 laceras

296 2549 482 2590 Nasonis
514 2550 702 2590 carmina
733 2550 846 2602 rapti
873 2549 878 2605 Ι
904 2563 989 2589 11011
1019 2550 1127 2589 solet
1160 2550 1343 2601 ingeniis
1378 2563 1542 2590 summa
1576 2564 1726 2591 nocere
1757 2553 1847 2591 dies
1875 2552 1879 2608 Ι

297 2616 494 2668 famaque
510 2621 607 2668 post
627 2617 788 2656 cineres
806 2617 939 2657 maior
955 2617 1074 2656 venit
1122 2617 1215 2656 8011.
1233 2618 1284 2656 (10
1300 2622 1436 2669 tranq.
1451 2618 1515 2667 14,
1534 2619 1560 2657 4
1578 2619 1728 2658 Kanus
1752 2619 1902 2669 Iulius,

298 2683 364 2722 vir
393 2683 590 2735 inprimis
612 2697 801 2735 magnus,
825 2684 943 2724 cuius
968 2684 1241 2723 admirationi
1262 2697 1315 2724 ne
1335 2685 1414 2724 hoc
1435 2685 1606 2736 quidem
1628 2686 1769 2725 obstat
1793 2687 1904 2738 quod

297 2754 443 2790 nostro
475 2751 641 2791 saeculo
674 2755 797 2791 natus
833 2754 898 2790 est
970 2751 1022 2790 de
1042 2751 1156 2790 breV.
1181 2751 1246 2800 15,
1278 2752 1304 2789 4
1335 2755 1379 2790 at
1410 2751 1464 2790 iis
1500 2765 1607 2803 quae
1640 2753 1904 2793 consecravit

298 2816 520 2869 sapientia,
542 2818 683 2858 noceri
711 2831 795 2857 non
824 2821 978 2869 potest,
1000 2818 1120 2857 nulla
1148 2818 1334 2857 abolebit
1364 2822 1491 2868 aetas,
1515 2819 1634 2858 nulla
1663 2819 1901 2860 diminuet:

297 2895 477 2935 sequens
498 2896 545 2925 ac
566 2884 718 2924 deinde
739 2897 905 2936 semper
926 2884 1102 2924 ulterior
1123 2884 1288 2936 aliquid
1312 2885 1366 2924 ad
1385 2886 1703 2925 venerationem
1724 2887 1902 2937 confert,
