2262 3224
1058 189 1098 224 0.
1124 190 1179 223 32.
1833 176 1922 220 307

315 307 382 356 66,
403 307 486 347 233
526 307 668 354 Quint.
691 308 733 346 X
755 307 792 356 1,
816 307 869 346 19
888 306 1000 345 unde
1021 318 1098 345 nos
1118 318 1202 345 non
1234 305 1279 344 id
1309 308 1482 356 agentes
1514 304 1667 343 furtim
1695 305 1819 343 decor
1849 304 1924 343 ille

315 372 578 412 discentibus
618 373 802 412 traditus
842 375 1123 424 prosequatur
1181 373 1219 421 3,
1242 372 1296 410 25
1330 371 1402 427 (cf.
1435 370 1630 420 Bonnell,
1664 370 1799 423 Lex).
1871 371 1925 410 In

316 440 432 479 Tac:
463 439 541 491 Ag.
563 441 618 480 43
639 440 708 479 hic
728 439 846 479 aliud
866 452 994 490 agens
1016 438 1198 490 populus
1220 438 1304 477 and
1325 451 1357 477 c.
1381 438 1434 477 28
1455 444 1510 476 28.

373 507 398 546 6
429 507 503 547 ubi
527 507 704 547 minime
727 507 894 547 credas:
927 506 991 546 Cf.
1017 506 1111 557 Sen.
1134 506 1211 556 Ep.
1236 505 1330 554 100,
1355 507 1378 544 7
1409 504 1482 543 ubi
1509 504 1684 543 minime
1713 508 1923 556 expectas.

315 573 542 614 —eminet
565 576 608 614 et
631 573 828 614 excellit:
870 573 960 611 The
981 585 1096 611 same
1117 572 1256 611 words
1279 585 1349 611 are
1371 572 1570 623 grouped,
1592 571 1669 610 but
1690 571 1735 610 in
1759 571 1926 610 inverse

317 640 440 679 order
482 643 570 696 (see
604 643 704 679 note
739 652 772 679 c.
805 640 832 678 4
856 639 895 692 3)
933 639 978 678 in
1014 639 1097 680 Cic.
1131 640 1182 678 de
1214 652 1300 690 rep.
1325 639 1373 677 II
1404 639 1471 687 28,
1493 639 1547 678 50
1587 638 1760 678 excellit
1800 642 1926 690 atque

317 707 476 746 eminet
496 706 562 746 vis
602 706 715 746 Plin.
738 707 842 746 Pan.
866 707 891 745 2
912 706 991 745 hoc
1013 706 1146 757 magis
1176 706 1348 746 excellit
1378 709 1507 757 atque
1537 705 1708 745 eminet.
1771 706 1929 745 Seneca

318 786 453 813 seems
474 773 674 825 disposed
693 777 738 812 to
758 773 870 825 deny
890 773 963 812 the
984 773 1105 812 truth
1126 774 1173 812 of
1191 773 1279 812 this
1302 776 1543 812 statement.
1595 773 1660 813 Cf.
1683 774 1761 824 Ep.
1785 773 1851 822 88,
1874 774 1927 812 36

318 840 387 880 ‘at
418 840 532 880 enim
565 840 750 879 delectat
782 840 939 879 artium
974 840 1130 879 notitia
1164 840 1420 879 multarum!
1481 841 1664 879 Tantum
1699 839 1843 890 itaque
1876 853 1929 878 ex

317 907 407 947 illis
447 907 719 956 retineamus,
761 911 967 958 quantum
1007 907 1293 947 necessarium
1332 911 1397 946 est
1428 938 1436 946 .
1460 938 1468 946 .
1493 938 1501 946 .
1534 907 1629 959 plus
1670 907 1778 946 scire
1818 906 1928 945 velle

319 987 447 1026 quam
467 974 525 1013 sit
546 974 664 1023 satis,
687 974 1042 1025 intemperantiae
1064 987 1194 1025 genus
1216 975 1517 1026 est—idque:
1547 974 1611 1014 On
1632 974 1775 1013 initial
1797 973 1929 1025 ‘que,'

319 1056 389 1083 see
409 1046 508 1082 note
529 1056 562 1082 c.
585 1044 610 1083 6
635 1049 854 1083 6.—non·
877 1068 884 1075 ·
907 1068 914 1075 ·
937 1044 1057 1083 modo
1075 1068 1083 1076 ·
1106 1069 1112 1076 -
1135 1068 1142 1076 ·
1165 1046 1225 1084 et:
1257 1043 1322 1083 On
1343 1043 1564 1095 separated
1582 1043 1854 1091 'non-modo,'
1872 1043 1928 1082 cf.

319 1113 418 1150 note
444 1123 477 1150 c.
499 1110 525 1148 2
549 1116 582 1150 6.

376 1178 401 1218 7
432 1177 649 1230 legitime:
681 1177 932 1229 ‘properly'
992 1178 1045 1216 In
1076 1177 1164 1216 this
1195 1189 1331 1226 sense,
1353 1177 1427 1216 the
1448 1178 1565 1216 word
1595 1177 1631 1216 is
1662 1190 1854 1216 common
1884 1177 1930 1215 in

319 1244 393 1284 the
412 1243 543 1283 Elder
563 1243 704 1295 Pliny,
726 1243 803 1282 but
828 1244 1083 1296 apparently
1103 1247 1179 1282 not
1199 1243 1428 1282 elsewhere
1450 1256 1496 1282 so
1516 1244 1632 1293 used,
1655 1248 1807 1295 except
1827 1257 1931 1283 once

320 1310 367 1350 in
386 1310 478 1350 Iuv.
501 1311 593 1350 XII
614 1311 707 1350 100.

376 1377 402 1418 8
432 1389 507 1430 per
530 1389 673 1418 omnes
697 1377 966 1429 eloquentiae
991 1389 1185 1418 numeros
1210 1378 1311 1417 isse:
1344 1377 1409 1417 On
1431 1377 1504 1416 the
1524 1390 1599 1416 use
1620 1377 1667 1416 of
1687 1377 1800 1429 ‘per'
1819 1378 1933 1417 after

320 1437 445 1484 uerbs
475 1444 522 1483 of
550 1444 725 1494 motion,
748 1444 855 1483 with
884 1457 938 1483 an
968 1457 1050 1484 acc.
1083 1444 1130 1483 of
1158 1448 1318 1493 extent,
1342 1456 1410 1483 see
1441 1447 1539 1483 note
1571 1457 1603 1483 0.
1629 1445 1681 1484 19
1702 1445 1931 1483 22.-Τ116

321 1511 453 1563 figure
474 1523 609 1550 seems
630 1515 675 1550 to
696 1511 746 1550 be
768 1511 897 1550 taken
918 1511 1028 1550 from
1049 1511 1122 1550 the
1153 1511 1327 1562 fencing
1357 1511 1511 1550 school.
1573 1511 1637 1551 Cf.
1661 1511 1803 1557 Quint.
1829 1512 1871 1551 X
1892 1511 1930 1560 1,

320 1579 349 1618 4
378 1578 452 1618 sed
482 1578 647 1617 athleta
676 1578 750 1629 qui
780 1591 924 1617 omnes
956 1578 1040 1617 iam
1070 1578 1347 1629 perdidicerit
1377 1591 1402 1617 a
1431 1582 1704 1629 praeceptore
1735 1591 1933 1617 numeros

320 1645 428 1685 with
448 1645 635 1697 Mayor's
658 1645 743 1684 and
769 1645 1011 1684 Peterson's
1042 1648 1163 1684 notes
1194 1645 1248 1684 ad
1278 1645 1354 1684 100.
1369 1670 1424 1674 -
1438 1648 1510 1685 ut·
1533 1670 1540 1677 ·
1563 1670 1570 1677 ·
1592 1648 1664 1685 ut·
1687 1670 1694 1678 ·
1717 1671 1725 1679 -
1745 1649 1794 1685 ut
1819 1646 1933 1685 deni-

322 1724 424 1765 que:
456 1711 521 1752 Cf.
544 1712 618 1751 the
640 1712 855 1763 anaphora
876 1712 921 1750 in
941 1725 974 1752 0.
997 1713 1051 1752 30
1068 1718 1111 1750 20
1132 1712 1184 1751 38
1204 1719 1244 1750 12
1266 1712 1350 1751 and
1370 1715 1468 1751 note
1490 1725 1522 1751 c.
1547 1713 1572 1751 9
1596 1716 1935 1753 isi—oratorem

321 1791 377 1819 sc.
400 1792 507 1818 eum.
568 1779 658 1818 The
679 1779 882 1818 omission
907 1779 954 1818 of
982 1792 1007 1818 a
1036 1779 1369 1818 demonstrative
1400 1792 1591 1830 pronoun
1624 1779 1669 1817 in
1700 1779 1820 1819 these
1851 1781 1936 1819 and

322 1846 551 1897 analogous
572 1846 883 1886 constructions
905 1846 941 1885 is
964 1846 1082 1897 quite
1105 1846 1423 1885 characteristic
1441 1846 1487 1884 of
1509 1846 1693 1885 Tacitus.
1758 1847 1822 1887 Cf.
1845 1860 1879 1885 e.
1895 1861 1931 1897 g.

321 1912 400 1964 Ag.
418 1913 470 1952 11
493 1912 649 1964 positio
670 1913 776 1952 caeli
797 1913 1042 1964 corporibus
1064 1913 1256 1952 habitum
1277 1913 1408 1968 (eum)
1429 1913 1548 1952 dedit
1590 1913 1645 1952 H.
1663 1914 1684 1952 I
1702 1914 1754 1953 72
1777 1914 1939 1953 scelera

321 1980 511 2019 exercuit
542 1983 747 2031 conrupto
769 2011 777 2019 .
802 2012 810 2020 .
834 2011 842 2019 .
866 1981 1048 2029 Nerone,
1080 1981 1283 2031 quaedam
1317 1980 1466 2030 ignaro
1492 1980 1576 2035 (eo)
1601 1993 1728 2019 ausus
1778 1981 1888 2020 Ann.
1913 1981 1935 2019 I

321 2046 348 2086 5
376 2046 483 2086 talia
502 2046 763 2097 agitantibus
798 2047 888 2103 (iis)
922 2060 1165 2098 gravescere
1198 2047 1397 2086 valetudo
1429 2046 1613 2097 Augusti
1669 2047 1715 2085 II
1738 2048 1789 2087 70
1820 2048 1939 2086 lenta

321 2113 458 2153 videri
482 2114 557 2169 (ei)
582 2113 810 2163 veneficia3
842 2114 1047 2153 festinare
1073 2114 1204 2169 (eum)
1230 2118 1272 2153 et
1292 2127 1440 2165 urgere
1466 2118 1515 2152 ut
1566 2115 1619 2153 82
1650 2114 1694 2152 111
1726 2118 1935 2153 extremas

324 2184 460 2220 terras
481 2181 715 2232 relegatum
738 2183 870 2237 (eum)
903 2183 966 2222 IV
984 2183 1037 2222 60
1059 2195 1214 2233 gnarus
1236 2183 1523 2234 praeferocem
1542 2184 1654 2237 (611111
1675 2185 1786 2238 esse)
1815 2184 1934 2222 XIII

325 2247 378 2286 27
400 2260 503 2298 quos
526 2277 535 2286 .
559 2279 567 2286 .
593 2280 601 2288 .
624 2261 708 2286 non
729 2248 928 2287 liberavit
952 2249 1059 2302 (eos)
1080 2249 1198 2288 velut
1218 2249 1388 2288 vinculo
1411 2249 1631 2289 servitutis
1652 2263 1737 2288 non
1758 2250 1932 2288 attineri

325 2314 408 2353 XV
434 2314 487 2353 20
518 2315 569 2353 de
600 2328 671 2354 reo
701 2319 922 2354 censuerat
953 2315 1171 2367 provincia
1201 2317 1327 2356 Creta
1357 2317 1654 2367 depellendum
1679 2318 1792 2369 (eum
1819 2320 1929 2371 esse)

325 2381 410 2419 and
429 2393 461 2420 0.
485 2382 510 2420 5
533 2387 574 2419 15
598 2382 679 2436 (id)
704 2383 892 2421 studium
922 2396 1003 2434 quo
1045 2383 1097 2422 17
1118 2389 1162 2421 28
1187 2384 1294 2437 (eos)
1318 2388 1517 2431 oratores,
1541 2396 1644 2434 quos
1684 2385 1736 2422 37
1758 2390 1801 2421 24
1822 2386 1930 2437 (eas)

324 2446 549 2496 orationes,
572 2448 822 2499 quas—On
842 2449 915 2487 the
937 2461 962 2487 a
982 2449 1151 2488 fortiori
1171 2462 1245 2488 use
1267 2450 1313 2488 of
1337 2449 1523 2499 ‘orator,'
1547 2450 1600 2489 cf.
1624 2453 1722 2488 note
1744 2463 1775 2489 0.
1801 2451 1823 2488 1
1842 2456 1874 2489 6.

453 2523 644 2556 Andresen
675 2523 741 2556 has
770 2523 882 2565 justly
914 2525 1129 2558 abandoned
1162 2526 1218 2558 his
1251 2527 1482 2559 emendation
1517 2527 1669 2559 ‘alium'
1704 2528 1739 2559 in
1769 2528 1870 2569 place
1898 2529 1939 2562 of

413 2581 422 2598 ‘
436 2578 566 2618 aliter‚'
587 2579 644 2611 for
662 2579 910 2621 inconcinnity
928 2580 967 2612 of
984 2581 1199 2614 correlation
1219 2582 1255 2613 in
1281 2582 1422 2614 Tacitus
1439 2583 1653 2615 constitutes
1671 2593 1719 2615 no
1741 2583 1936 2624 justifiable

409 2634 549 2675 ground
565 2634 623 2667 for
638 2635 881 2677 condemning
897 2645 943 2668 an
963 2637 1150 2668 otherwise
1169 2637 1483 2678 unobjectionable
1503 2639 1653 2680 reading
1671 2639 1866 2680 supported
1886 2640 1936 2680 by

410 2690 470 2722 the
486 2691 704 2724 unanimous
719 2692 915 2733 testimony
932 2692 971 2725 of
991 2693 1052 2725 the
1073 2693 1174 2726 MSS.

378 2757 430 2796 11
463 2759 593 2799 armis
619 2760 878 2800 instructum
901 2785 908 2792 -
931 2785 939 2792 -
961 2760 1125 2800 artibus
1151 2763 1363 2800 armatus:
1407 2761 1529 2799 With
1564 2761 1637 2800 the
1673 2763 1934 2813 expression,

324 2824 376 2863 cf.
402 2825 496 2864 Sen.
519 2825 596 2876 Ep.
621 2826 714 2874 109,
736 2826 761 2865 8
792 2825 998 2877 numquid
1030 2825 1262 2865 instructus
1286 2827 1480 2865 omnibus
1504 2828 1627 2866 rebus
1650 2829 1834 2878 agricola
1857 2860 1865 2869 .
1890 2861 1897 2868 .
1924 2861 1932 2869 .

323 2892 531 2944 numquid
551 2896 737 2932 armatus
759 2892 880 2932 miles
898 2896 1103 2944 quantum
1126 2893 1169 2931 in
1191 2893 1324 2933 aciem
1345 2894 1512 2933 exituro
1535 2895 1638 2934 satis
1661 2900 1725 2934 est
1743 2927 1749 2934 .
1770 2927 1777 2934 .
1800 2928 1806 2934 .
1828 2897 1932 2936 satis
