2262 3224
408 198 494 240 346
1111 211 1274 245 NOTEs.

462 326 514 364 10
545 327 603 366 Μ.
630 327 842 367 Crassum:
888 327 972 367 Cic.
1002 328 1120 366 Brut.
1152 328 1217 376 66,
1246 328 1327 366 233
1361 326 1627 366 mediocriter
1658 339 1683 366 a
1713 326 1905 367 doctrina
1934 326 1995 366 in·

406 394 602 441 structus,
625 393 844 443 angustius
865 393 993 432 etiam
1014 406 1039 432 a
1058 397 1210 432 natura
1229 423 1237 431 .
1262 423 1270 432 .
1295 424 1302 432 .
1325 393 1467 432 labore
1497 397 1540 432 et
1569 393 1780 432 industria
1809 397 1852 432 et
1882 393 1995 444 quod
2033 385 2039 390 ’

405 458 631 498 adhibebat
655 460 709 498 ad
734 459 982 498 obtinendas
1010 472 1155 499 causas
1184 472 1327 498 curam
1354 459 1482 498 etiam
1503 463 1545 498 et
1565 459 1756 510 gratiam,
1778 459 1824 498 in
1843 460 1995 511 princi-

405 524 527 574 pibus
549 525 739 576 patronis
760 525 922 577 aliquot
942 538 1072 566 annos
1094 526 1190 564 fuit.
1236 526 1287 570 1,n
1309 525 1434 564 huius
1455 526 1643 564 oratione
1665 538 1799 565 sermo
1815 526 1993 566 Latinus

405 595 506 640 erat,
529 591 656 630 verba
683 605 768 630 non
797 592 959 631 abiecta
980 621 988 629 .
1012 623 1020 631 .
1044 622 1052 631 .
1076 592 1217 631 nullus
1247 592 1323 631 flos
1352 595 1495 631 tamen
1523 605 1658 643 neque
1687 592 1830 630 lumen
1859 593 1994 632 ullum

404 686 413 695 .
438 687 446 694 .
471 687 478 695 .
502 657 642 696 omnia
670 658 759 696 fere
788 662 836 697 ut
866 658 1064 696 similiter
1093 662 1219 709 atque
1248 671 1333 697 uno
1357 659 1478 697 modo
1503 658 1741 697 dicerentur
1784 671 1859 709 pro
1882 659 1991 698 Mur.

382 721 386 726 ’
403 723 469 771 23,
491 724 543 762 48
573 724 640 762 vir
661 736 822 763 summa
843 724 1050 774 dignitate
1072 728 1114 763 et
1135 724 1358 775 diligentia
1377 728 1420 763 et
1440 725 1642 763 facultate
1664 724 1832 763 dicendi
1879 725 1990 764 Plut.

404 789 539 829 Crass.
562 791 599 829 3.
614 802 790 830 —non·
812 816 819 824 ·
841 815 848 823 ·
871 792 1146 831 modo—sed·
1170 815 1176 823 ·
1199 815 1206 823 ·
1229 803 1412 842 quoque:
1449 791 1619 830 On-this
1640 791 1901 840 correlation,
1924 804 1992 830 see

354 848 356 852 ’
403 859 500 894 note
522 869 553 895 c.
576 857 602 894 2
619 858 887 896 6.—viribus
905 882 912 889 ·
934 882 942 890 ·
964 882 970 889 ·
993 858 1143 897 armis:
1175 857 1263 895 The
1285 870 1398 896 same
1419 857 1666 896 collocation
1686 870 1719 895 e.
1736 870 1772 907 g.
1795 857 1850 896 H.
1871 858 1918 896 Π
1939 858 1992 898 74

403 922 467 961 IV
487 923 551 961 23.
575 923 626 961 68
676 922 787 961 Plin.
810 924 886 974 Ep.
911 924 957 961 II
979 925 1016 972 7,
1039 924 1076 962 2.

460 989 510 1026 11
542 990 763 1029 Lentulos:
804 989 971 1040 Among
996 990 1068 1028 the
1094 1003 1221 1041 many
1243 989 1415 1028 Lentuli
1434 990 1588 1028 known
1607 993 1651 1028 to
1671 1002 1734 1038 us,
1755 990 1855 1041 only
1875 990 1990 1039 such,

403 1054 449 1092 of
479 1067 634 1104 course,
663 1068 708 1094 as
738 1069 846 1094 were
873 1054 1302 1106 contemporaries‘of
1333 1056 1477 1095 Cicero
1509 1068 1577 1094 are
1609 1055 1707 1094 here
1734 1056 1904 1095 alluded
1933 1059 1990 1095 to.

404 1121 466 1160 Of.
490 1121 573 1175 Cic.
596 1122 714 1160 Brut.
738 1123 803 1171 66,
825 1122 906 1160 234
934 1122 1003 1161 Cn.
1027 1125 1166 1161 autem
1199 1122 1462 1176 [Cornelius]
1494 1123 1695 1160 Lentulus
1727 1121 1989 1176 [Clodianus.

403 1199 512 1225 cons.
536 1188 610 1239 72]
633 1188 765 1226 multo
786 1188 984 1226 maiorem
1006 1188 1248 1238 opinionem
1268 1188 1435 1227 dicendi
1462 1188 1624 1227 actione
1655 1187 1837 1226 faciebat
1866 1201 1992 1239 quam

403 1257 561 1303 quanta
589 1254 633 1291 in
664 1267 711 1292 eo
741 1254 922 1293 facultas
953 1258 1043 1293 erat
1064 1285 1072 1293 .
1096 1285 1103 1293 .
1129 1285 1137 1293 .
1159 1267 1236 1293 nec
1266 1255 1481 1293 abundans
1508 1254 1647 1292 verbis
1670 1284 1677 1292 .
1702 1284 1709 1292 .
1733 1284 1741 1292 .
1765 1254 1926 1293 calebat
1946 1254 1992 1292 in

403 1320 574 1369 agendo,
605 1323 653 1358 ut
683 1333 743 1369 ea,
775 1333 880 1371 quae
910 1321 1095 1369 deerant,
1126 1334 1210 1359 non
1240 1320 1607 1359 desiderarentur.
1632 1350 1639 1358 .
1664 1350 1671 1358 .
1696 1320 1755 1358 sic
1785 1320 1991 1359 Lentulus

402 1390 633 1424 ceterarum
667 1386 874 1425 virtutum
909 1386 1076 1441 dicendi
1111 1386 1445 1425 mediocritatem
1479 1386 1642 1425 actione
1677 1386 1915 1436 occultavit,
1946 1386 1993 1425 in

403 1465 485 1502 qua
505 1453 713 1491 excellens
741 1453 836 1491 fuit.
887 1454 968 1492 235
998 1454 1048 1491 P.
1068 1454 1266 1492 Lentulus
1289 1453 1438 1507 [Sura]
1462 1452 1578 1505 cuius
1600 1456 1642 1490 et
1662 1452 1930 1502 excogitandi
1949 1456 1992 1492 et

402 1518 601 1569 loquendi
630 1519 874 1558 tarditatem
904 1519 1072 1569 tegebat
1098 1519 1258 1557 formae
1284 1519 1468 1569 dignitas
1491 1549 1499 1557 .
1524 1549 1531 1557 .
1555 1549 1563 1556 .
1587 1518 1632 1556 in
1651 1519 1729 1557 hoc
1749 1518 1858 1557 nihil
1877 1531 1993 1570 prae-

401 1587 466 1622 ter
492 1585 698 1623 actionem
726 1585 810 1623 fuit
831 1589 969 1624 cetera
989 1585 1115 1624 etiam
1138 1585 1300 1624 minora
1327 1598 1450 1635 quam
1478 1585 1521 1622 in
1546 1585 1771 1635 superiore.
1823 1585 1888 1634 70,
1910 1585 1992 1624 247

408 1651 478 1689 Cn.
502 1655 641 1689 autem
670 1653 870 1690 Lentulus
899 1652 1165 1690 Marcellinus
1191 1664 1267 1690 nec
1291 1663 1490 1701 umquam
1515 1651 1743 1689 indisertus
1769 1654 1810 1689 et
1835 1651 1880 1689 in
1901 1663 1994 1690 con-

402 1717 541 1755 sulatu
565 1719 635 1772 (56
658 1730 695 1756 B.
715 1717 769 1769 c.)
792 1718 1068 1768 pereloquens
1099 1718 1215 1756 visus
1245 1721 1322 1766 est,
1353 1730 1437 1755 non
1465 1718 1610 1755 tardus
1641 1716 1876 1765 sententiis,
1907 1730 1992 1756 non

401 1783 521 1834 inops
556 1784 708 1832 verbis,
744 1797 844 1823 voce
879 1797 1041 1832 canora,
1078 1784 1239 1823 facetus
1276 1783 1391 1822 satis.
1448 1785 1512 1831 77,
1540 1783 1620 1822 268
1651 1783 1744 1821 Duo
1775 1787 1992 1833 praeterea

401 1850 572 1888 Lentuli
599 1850 849 1899 consulares,
872 1863 1047 1900 quorum
1072 1851 1122 1888 P.
1149 1849 1389 1904 [Cornelius
1412 1849 1618 1902 Lentulus
1643 1849 1854 1899 Spinther.
1878 1861 1988 1888 cons.

400 1916 475 1968 57]
497 1947 504 1954 .
529 1947 536 1954 .
561 1947 569 1954 .
588 1916 794 1967 quidquid
814 1916 961 1955 habuit
979 1947 986 1955 .
1006 1947 1014 1954 .
1034 1947 1042 1954 .
1060 1919 1195 1954 totum
1216 1916 1365 1954 habuit
1386 1929 1407 1954 e
1429 1915 1678 1966 disciplina3
1708 1915 1992 1955 instrumenta

399 1986 573 2021 naturae
594 1983 768 2021 deerant
789 2013 796 2021 .
816 2013 823 2021 .
844 2015 852 2022 .
869 1984 917 2021 L.
940 1986 1081 2021 autem
1108 1982 1372 2036 [Cornelius]
1395 1982 1595 2020 Lentulus
1618 1982 1756 2035 [Orus.
1779 1994 1889 2020 cons.
1911 1982 1988 2034 49]

400 2048 502 2086 satis
533 2052 622 2087 erat
652 2049 776 2087 fortis
806 2053 957 2097 orator,
987 2049 1023 2087 si
1053 2049 1174 2087 modo
1205 2048 1648 2087 oraton—Metellos:
1679 2048 1797 2086 Brut.
1821 2048 1886 2096 70,
1908 2048 1990 2087 247

399 2115 480 2153 duo
509 2115 636 2153 etiam
664 2104 842 2163 Metelli,
866 2115 979 2154 Celer
1001 2118 1128 2169 (cons.
1152 2114 1223 2165 60)
1247 2118 1290 2152 et
1310 2115 1444 2164 Nepos
1468 2117 1594 2169 (conS.
1619 2114 1689 2164 57)
1712 2126 1796 2151 non
1816 2113 1925 2151 nihil
1945 2113 1991 2151 in

398 2181 534 2219 causis
555 2181 712 2220 versati
732 2194 808 2220 nec
829 2181 918 2219 sine
939 2181 1107 2231 ingenio
1128 2193 1203 2219 nec
1224 2180 1384 2219 indocti
1428 2181 1481 2218 ad
1501 2179 1590 2218 Att.
1614 2180 1676 2219 VI
1697 2181 1735 2228 3,
1759 2180 1810 2218 10
1840 2179 1990 2218 oratio-

398 2259 493 2285 nem
518 2247 562 2292 Q.
582 2247 739 2286 Celeris
761 2247 866 2285 mihi
886 2247 1015 2285 velim
1035 2247 1180 2285 mittas
1202 2250 1349 2285 contra
1369 2247 1426 2284 M.
1448 2245 1685 2284 Servilium.
1700 2245 1986 2286 -Lueullosz

397 2314 445 2351 L.
468 2313 657 2351 Licinius
676 2315 875 2351 Lucullus
898 2314 1019 2368 (born
1039 2326 1071 2351 c.
1096 2313 1175 2350 114
1206 2325 1316 2350 cons.
1341 2313 1393 2351 74
1424 2312 1522 2350 died
1542 2313 1613 2360 57)
1638 2311 1773 2350 called
1797 2312 1852 2362 by
1873 2311 1986 2350 Plut.

398 2379 496 2417 Luc.
519 2380 571 2418 33
603 2380 716 2421 δεινὸς
747 2383 866 2419 εἰπεῖν.
928 2379 1009 2417 His
1037 2379 1121 2417 less
1143 2379 1306 2416 famous
1327 2378 1498 2416 brother
1519 2379 1576 2415 M.
1605 2377 1817 2415 Terentius
1836 2376 1989 2415 Licini-

397 2459 502 2483 anus
529 2446 653 2484 Varro
677 2449 805 2499 (cons.
829 2445 899 2496 73)
924 2445 959 2483 is
981 2444 1223 2483 mentioned
1244 2457 1395 2493 among
1419 2444 1492 2482 the
1523 2443 1712 2494 political
1741 2446 1901 2481 orators
1930 2442 1988 2494 by

397 2511 480 2550 Cio.
512 2511 630 2549 Brut.
662 2512 727 2559 62,
759 2512 1152 2550 222.—Curiones:
1195 2510 1398 2548 ‘Familia
1433 2509 1673 2557 Curionum,
1706 2509 1750 2546 in
1785 2521 1867 2558 qua
1899 2512 1986 2547 tres

396 2577 595 2615 continua
624 2578 730 2615 serie
761 2581 945 2615 oratores
977 2576 1234 2615 extiterunt'
1270 2575 1396 2630 (Plin.
1420 2576 1472 2613 N.
1497 2576 1551 2612 H.
1574 2576 1661 2614 VH
1683 2574 1781 2625 133)
1805 2574 1882 2612 viz.
1908 2573 1982 2629 (1).

403 2643 442 2681 C.
479 2643 707 2681 Scribonius
743 2644 864 2682 Curio
897 2646 1045 2698 (praet.
1078 2642 1176 2694 121)
1209 2641 1432 2690 according
1461 2645 1505 2679 to
1535 2641 1652 2679 Brut.
1686 2641 1751 2688 32,
1775 2640 1854 2678 122
1886 2652 1985 2678 sane

397 2708 576 2747 illustris
613 2713 762 2758 orator,
800 2709 917 2748 cuius
953 2710 1003 2747 de
1038 2707 1207 2758 ingenio
1242 2720 1292 2746 ex
1328 2707 1587 2745 orationibus
1623 2706 1712 2745 eius
1748 2705 1986 2744 existimari

396 2779 535 2824 potest
595 2775 655 2829 (2)
686 2776 726 2814 C.
753 2776 874 2814 Scrib.
904 2775 1024 2814 Curio
1054 2775 1096 2814 C.
1120 2775 1183 2812 R:
1216 2774 1279 2813 Cf.
1302 2774 1420 2811 Brut.
1444 2774 1509 2821 58,
1532 2773 1612 2811 210
1644 2775 1762 2810 erant
1793 2802 1800 2810 .
1827 2802 1835 2809 .
1860 2802 1868 2809 .
1898 2771 1985 2821 qui-

395 2841 471 2878 bus
504 2841 718 2879 videretur
750 2841 865 2879 illius
899 2841 1049 2879 aetatis
1082 2840 1234 2878 tertius
1268 2838 1392 2878 Curio
1428 2842 1555 2893 (cons.
1580 2839 1631 2877 76
1662 2838 1760 2876 died
1789 2838 1842 2876 53
1873 2850 1910 2875 B.
1927 2836 1981 2888 c.)
