2262 3224
429 214 516 257 234
1140 225 1303 259 NOTES.

483 342 537 381 24
566 342 771 382 minorem
795 352 882 382 esse
904 342 1019 382 fama
1042 353 1139 382 sua:
1163 340 1172 357 “
1186 340 1279 380 Fell
1300 340 1418 381 short
1433 341 1479 381 of
1497 341 1564 381 his
1585 342 1851 394 reputation.'
1881 344 2015 384 Fama

428 423 503 448 sua
533 408 622 447 also
642 421 674 447 c.
698 408 751 446 24
774 413 814 445 12
844 407 921 457 Ag.
940 408 964 446 8
987 407 1041 446 Η.
1059 407 1132 445 III
1153 407 1218 446 28.
1236 408 1288 447 32
1321 407 1431 448 Ann.
1446 407 1508 447 VI
1527 409 1580 448 26
1601 409 1706 448 XVI
1726 410 1793 458 24,
1807 409 1882 449 but
1902 410 2016 451 fama

428 475 628 515 sui—H.
665 474 737 512 III
772 474 798 512 3
841 472 950 511 Ann.
985 473 1033 511 II
1069 474 1120 512 13
1165 473 1246 513 XV
1280 474 1317 512 4.
1354 474 1800 515 49.—-admiratores:
1830 476 1873 515 It
1907 487 2015 516 were

428 541 680 591 interesting
719 543 764 578 to
802 539 927 578 know
961 539 1075 578 what
1104 551 1276 590 persons
1309 552 1379 578 are
1410 540 1508 579 here
1540 541 1727 580 referred
1755 545 1811 590 to,
1847 541 1915 580 for
1942 542 2015 582 the

428 611 655 649 statement
676 606 712 645 is
733 605 1090 657 unquestionably
1114 605 1242 644 based
1271 614 1385 657 upon
1414 607 1639 658 published
1669 607 1893 647 criticisms
1925 607 2016 648 still

428 676 652 716 accessible
672 678 718 714 to
738 674 920 713 Tacitus.
937 699 992 703 —
1005 674 1092 713 nisi
1111 675 1243 714 forte-
1265 699 1273 707 -
1293 699 1301 707 ·
1322 675 1407 714 nisi
1424 676 1517 726 qui:
1540 675 1566 714 i.
1584 689 1617 714 e.
1640 689 1694 714 no
1714 688 1792 715 one
1808 675 1897 715 will
1917 676 2017 716 read

427 743 540 782 their
579 742 775 794 speeches
805 740 948 779 unless
990 740 1025 779 it
1058 740 1109 779 be
1143 752 1221 779 one
1251 741 1344 780 who
1374 741 1462 781 also
1491 742 1671 781 admires
1710 742 1823 781 their
1861 752 2014 793 poems.

430 810 493 849 Cf:
517 811 610 848 Tac.
634 809 743 847 Ann.
767 808 839 845 III
861 808 913 846 57
944 806 1028 845 nisi
1050 837 1058 845 .
1082 837 1090 845 .
1115 837 1122 845 .
1146 811 1376 856 censerent,
1404 807 1488 847 nisi
1517 808 1629 859 quod
1658 809 1716 847 M.
1750 808 1918 848 Silanus
1942 839 1951 848 .
1974 838 1983 848 .
2006 838 2015 848 .

429 876 550 915 dixit.
582 888 614 915 c.
636 875 688 914 31
712 881 753 912 10
785 886 906 913 nemo
939 873 1023 912 nisi
1054 873 1127 924 qui
1157 874 1209 913 37
1230 879 1284 912 23.

484 942 537 981 25
567 953 642 993 pro
666 941 790 981 Decio
816 941 1028 981 Samnite:
1059 939 1253 989 Nothing
1272 939 1308 978 is
1337 939 1491 978 known
1520 940 1565 979 of
1592 940 1680 979 this
1710 939 1946 980 individual
1971 953 2018 980 or

429 1009 474 1047 of
507 1021 532 1047 a
565 1007 718 1058 speech
751 1007 797 1045 of
831 1007 984 1046 Caesar
1019 1005 1065 1044 in
1095 1004 1162 1044 his
1192 1005 1340 1044 behalf
1369 1006 1452 1045 and
1479 1006 1609 1045 hence
1643 1019 1721 1045 one
1756 1006 1792 1045 is
1827 1007 2018 1059 strongly

429 1074 619 1125 tempted
637 1077 682 1112 to
703 1073 861 1123 change
882 1073 955 1111 the
977 1085 1097 1111 name
1127 1071 1218 1110 into
1247 1072 1414 1110 Decitio.
1475 1072 1539 1112 Cf.
1562 1072 1645 1112 Cic.
1667 1085 1743 1123 pro
1764 1073 1927 1112 Cluent.
1950 1073 2015 1122 59,

430 1141 508 1179 161
541 1141 613 1180 Cn.
632 1139 798 1178 Decitio
821 1138 1020 1187 Samnite,
1043 1138 1083 1177 ei
1104 1138 1177 1189 qui
1198 1138 1457 1189 proscriptus
1479 1141 1544 1177 est
1564 1138 1761 1177 iniuriam
1790 1139 1835 1176 in
1855 1138 2020 1178 calami·

429 1210 517 1245 tate
538 1206 627 1245 eius
649 1206 701 1244 ab
723 1205 847 1244 huius
870 1204 1036 1243 familia
1054 1204 1211 1243 factam
1232 1216 1322 1243 esse
1349 1204 1533 1253 dixistis,
1554 1204 1627 1242 the
1648 1217 1749 1255 very
1769 1217 2020 1243 uncommon

429 1285 550 1311 name
582 1271 740 1322 having
771 1271 871 1310 here
892 1271 981 1310 also
1001 1270 1107 1309 been
1139 1270 1363 1320 corrupted
1393 1269 1437 1308 in
1466 1282 1491 1309 a
1519 1270 1694 1309 number
1714 1270 1759 1309 of
1784 1270 1904 1310 MSS.
1928 1270 2019 1310 into

429 1339 502 1378 the
523 1351 637 1377 more
658 1337 845 1376 familiar
866 1337 1032 1376 Decius.

486 1406 539 1444 26
569 1416 643 1456 pro
676 1405 872 1444 Deiotaro
897 1415 1014 1454 rege:
1047 1401 1150 1441 This
1172 1402 1325 1453 speech
1344 1414 1430 1441 was
1460 1402 1675 1441 delivered
1702 1402 1847 1441 before
1867 1403 2019 1443 Caesar

431 1475 474 1510 at
494 1471 653 1510 Nicaea
683 1470 727 1508 in
748 1471 801 1509 46
825 1482 861 1508 B.
881 1482 913 1508 c.
976 1469 1039 1509 Cf.
1063 1468 1146 1508 Cic.
1169 1469 1223 1507 ad
1243 1468 1333 1507 Att.
1356 1468 1463 1507 XIV
1483 1469 1520 1516 1,
1542 1469 1567 1507 2
1599 1469 1818 1508 Caesarem
1847 1468 2019 1508 solitum

431 1538 568 1577 dicere
591 1553 599 1576 z
632 1536 773 1586 magni
794 1536 925 1574 refert
945 1535 1014 1574 hic
1038 1538 1110 1590 (sc.
1133 1534 1310 1586 Brutus)
1333 1534 1436 1585 quid
1455 1535 1572 1583 velit,
1595 1535 1669 1574 sed
1692 1534 1899 1586 quidquid
1927 1535 2020 1574 vult

431 1604 552 1643 valde
574 1603 677 1642 vult.
713 1602 965 1657 (translated
983 1602 1040 1652 by
1060 1601 1171 1639 Plut.
1195 1601 1311 1639 Brut.
1335 1601 1378 1652 6)
1411 1600 1536 1651 idque
1557 1613 1652 1639 eum
1672 1601 2020 1640 animadvertisse

431 1683 525 1710 cum
554 1683 629 1721 pro
665 1669 864 1707 Deiotaro
898 1668 1079 1707 Nicaeae
1112 1667 1280 1715 diceret,
1307 1667 1427 1705 valde
1458 1667 1727 1706 vehementer
1758 1680 1852 1706 eum
1881 1667 2020 1707 visum

431 1741 496 1776 est
516 1740 558 1775 et
577 1736 708 1774 libere
729 1735 867 1774 dicere
906 1735 1023 1772 Brut.
1047 1734 1085 1782 5,
1107 1734 1159 1772 21
1191 1746 1357 1772 causam
1386 1733 1575 1771 Deiotari
1597 1763 1605 1771 .
1629 1763 1637 1771 .
1661 1763 1669 1771 .
1691 1734 1956 1772 ornatissime
1977 1737 2020 1773 et

431 1801 718 1854 copiosissime
752 1813 777 1839 a
806 1801 938 1839 Bruto
970 1812 1036 1838 me
1068 1799 1234 1838 audisse
1262 1799 1809 1851 defensam—ceterosque
1833 1800 2020 1840 eiusdem

432 1869 705 1910 lentitudinis
730 1879 778 1907 ac
802 1867 983 1917 teporis:
1007 1866 1138 1906 Other
1160 1865 1358 1916 speeches
1379 1866 1424 1903 of
1444 1866 1601 1903 Brutus
1622 1877 1729 1904 were
1750 1867 1798 1904 de
1813 1866 2021 1904 dictatura

431 1935 605 1985 Pompei
629 1933 786 1989 (Quint.
819 1933 885 1971 IX
915 1934 952 1981 3,
981 1933 1067 1983 95),
1101 1935 1145 1970 at
1176 1931 1364 1971 Caesar’s
1397 1931 1575 1979 funeral,
1607 1944 1632 1970 a
1664 1932 1848 1970 laudatio
1878 1932 1924 1970 of
1952 1932 2019 1971 his

432 2000 730 2040 father-in-law
760 1999 925 2049 Appius
961 1998 1160 2038 Claudius
1200 1997 1454 2052 (Diomedes,
1497 1997 1545 2036 G.
1569 1997 1614 2035 L.
1639 1997 1660 2034 I
1681 1997 1791 2048 367),
1829 1997 2019 2037 likewise

432 2068 479 2107 of
507 2068 572 2106 his
594 2066 728 2114 uncle,
750 2066 808 2104 M.
832 2066 946 2105 Cato.
1007 2065 1101 2103 Tac.
1126 2064 1234 2102 Ann.
1259 2064 1321 2102 IV
1342 2064 1395 2102 34
1425 2063 1513 2102 also
1534 2063 1742 2102 mentions
1782 2063 2019 2103 ‘contiones

432 2133 556 2172 Bruti
576 2132 687 2171 falsa
707 2131 876 2182 quidem
896 2130 941 2168 in
967 2130 1206 2180 Augustum
1227 2129 1378 2180 probra
1407 2129 1480 2167 sed
1509 2129 1643 2167 multa
1671 2141 1765 2167 cum
1794 2129 2020 2169 acerbitate

434 2199 612 2239 habent’
649 2211 694 2237 as
730 2197 821 2236 still
855 2197 900 2235 in
930 2196 1003 2235 the
1042 2196 1176 2234 hands
1210 2196 1256 2234 of
1294 2196 1461 2234 readers
1500 2196 1577 2250 (25
1612 2206 1653 2233 A.
1670 2208 1709 2233 D.
1724 2195 1814 2246 ).—
1827 2196 2022 2234 lentitudo

434 2265 673 2304 ‘dullness’
732 2264 797 2303 Cf.
830 2276 863 2302 c.
889 2263 942 2301 22
965 2269 1003 2300 11
1035 2261 1176 2300 lentus
1207 2261 1252 2299 in
1281 2261 1502 2312 principiis
1533 2261 1616 2299 and
1647 2261 1750 2300 Stat.
1775 2261 1875 2299 Silv.
1899 2261 1962 2301 IV
1982 2263 2019 2310 9,

434 2333 486 2371 20
518 2331 641 2370 Bruti
662 2329 774 2368 senis
795 2328 1065 2367 oscitationes
1091 2327 1124 2382 (¹
1138 2327 1420 2377 long-winded
1440 2327 1683 2378 speeches.⁷)
1698 2333 1888 2377 -τερον,
1909 2326 2024 2365 liter-

434 2398 522 2448 ally
551 2396 890 2442 lukewarmness,
912 2393 1038 2443 being
1067 2393 1111 2431 in
1142 2393 1337 2443 meaning
1366 2392 1547 2443 midway
1567 2392 1755 2430 between
1785 2392 2020 2431 ‘fervidus'

434 2464 517 2502 and
538 2461 765 2512 ‘frigidus'
825 2461 888 2500 Cf.
914 2460 1006 2498 Sen.
1030 2460 1105 2509 Ep.
1121 2460 1186 2507 92,
1210 2459 1274 2497 21.
1326 2459 1382 2497 Of
1401 2458 1511 2509 style
1532 2458 1632 2509 only
1653 2458 1751 2496 here
1768 2458 1851 2496 and
1866 2457 1910 2496 in
1926 2459 2023 2496 For-

433 2528 639 2568 tunatian.
676 2527 817 2581 (Rhet.
842 2527 931 2564 Lat.
956 2525 1061 2563 Min.
1084 2538 1122 2575 p.
1146 2525 1239 2573 126,
1262 2525 1286 2563 8
1309 2525 1383 2575 H.)
1412 2525 1516 2576 μέσῳ
1550 2527 1621 2578 (sc.
1655 2536 1804 2573 genere
1835 2523 2019 2575 dicendi)

435 2595 547 2645 quod
568 2597 632 2632 est
653 2593 908 2632 contrarium
926 2593 946 2630 ?
977 2591 1158 2641 tepidum
1178 2603 1224 2629 ac
1246 2590 1498 2628 dissolutum
1526 2594 1569 2628 et
1590 2590 1705 2628 velut
1735 2602 1896 2628 enerve.
1956 2590 2019 2629 Of.

436 2673 467 2699 c.
492 2661 544 2698 22
567 2666 607 2698 13
640 2672 733 2698 raro
765 2658 983 2697 incalescit
1014 2657 1097 2695 and
1129 2657 1212 2696 Cic.
1244 2657 1361 2694 Brut.
1390 2657 1457 2704 48,
1480 2656 1558 2694 178
1589 2655 1714 2694 nimis
1750 2655 1822 2694 ille
1854 2655 2023 2706 quidem

435 2727 577 2765 lentus
599 2725 642 2763 in
664 2725 839 2763 dicendo
860 2728 902 2762 et
923 2735 1053 2773 paene
1074 2722 1255 2772 frigidus
1281 2721 1554 2776 (=tepidus)
1578 2721 1651 2759 sed
1671 2725 1713 2759 et
1733 2721 1923 2769 callidus,
1940 2721 2024 2759 and

437 2792 483 2831 of
510 2793 667 2830 Brutus
699 2790 884 2837 himself,
908 2789 990 2828 Cic.
1014 2789 1066 2827 ad
1094 2788 1182 2826 Att.
1206 2789 1287 2827 XV
1308 2788 1330 2825 1
1362 2791 1426 2825 est
1456 2787 1588 2825 oratio
1619 2787 1776 2837 scripta
1804 2787 2024 2836 elegantis-

437 2858 541 2896 sime
574 2856 795 2895 sententiis
828 2859 870 2894 et
900 2854 1037 2893 verbis
1067 2857 1114 2891 ut
1146 2853 1255 2890 nihil
1285 2852 1419 2903 possit
1442 2852 1567 2900 ultra,
1591 2865 1667 2902 ego
1687 2855 1829 2890 tamen
1849 2852 1886 2890 si
1906 2852 2024 2891 illam
