2262 3224
1056 186 1094 220 c,
1123 187 1154 220 9.
1806 173 1893 216 125

345 300 400 341 25
429 300 684 353 Vespasiani
707 299 1037 341 liberalitatem:
1069 298 1182 338 Suet.
1207 299 1331 350 Vesp.
1356 300 1407 339 18
1430 299 1459 339 f.
1522 300 1700 351 Ingenia
1720 305 1763 340 et
1784 306 1896 341 artes

288 367 359 408 vel
390 367 573 407 maxime
604 366 727 407 fovit.
787 365 957 405 Primus
988 378 1010 405 e
1041 365 1141 405 fisco
1171 365 1337 404 Latinis
1370 366 1626 418 Graecisque
1657 368 1896 408 rhetoribus

288 447 430 475 annua
463 437 641 474 centena
674 432 909 473 constituit.
970 433 1244 472 Praestantes
1270 437 1418 483 poetas
1439 447 1515 474 nec
1535 448 1621 474 non
1642 439 1684 474 et
1714 435 1897 475 artifices

290 502 398 543 Coae
418 500 610 550 Veneris,
633 500 736 539 item
758 499 921 540 Colossi
951 499 1202 539 refectorem
1228 498 1387 550 insigni
1418 499 1631 550 congiario
1663 514 1897 554 magnaque

288 569 478 609 mercede
509 567 843 607 donavit—On
877 566 950 606 the
983 565 1223 618 proverbial
1258 570 1435 618 poverty
1468 567 1514 606 of
1545 571 1678 618 poets,
1707 582 1776 608 see
1806 583 1840 609 e.
1859 584 1896 621 g.

289 635 401 676 Ovid
434 635 561 675 Trist.
595 635 660 676 IV
689 635 755 684 10,
786 635 839 674 21
875 647 1000 686 saepe
1040 638 1162 686 pater
1192 634 1326 674 dixit:
1368 634 1575 674 ‘studium
1611 636 1715 687 quid
1746 636 1898 676 inutile

287 706 472 754 temptas
491 703 512 742 ?
539 701 544 758 Ι
570 702 818 742 Maeonides
840 702 978 742 nullas
1002 701 1094 754 ipse
1119 701 1294 754 reliquit
1318 702 1445 753 opes!
1506 703 1675 742 Petron.
1698 704 1751 743 83
1774 703 1896 754 ‘ego'

287 769 430 821 inquit
450 769 460 785 ³
474 773 600 821 poeta
621 769 732 808 sum’
751 799 759 808 .
783 799 791 808 .
817 799 825 808 .
849 768 996 821 ‘quare
1018 782 1116 821 ergo
1130 769 1141 790 '
1163 769 1306 821 inquis
1330 769 1338 785 ²
1352 773 1440 808 tam
1462 770 1571 809 male
1594 770 1775 809 vestitus
1797 783 1841 810 es
1855 772 1875 810 ⁴?
1889 772 1898 790 ’

290 840 486 888 ‘propter
524 836 603 876 hoc
643 836 794 888 ipsum.
870 836 1002 875 Amor
1036 835 1198 887 ingenii
1239 836 1451 876 neminem
1485 850 1686 888 umquam
1721 837 1899 877 divitem

287 903 420 943 facit!
479 904 606 942 Mart.
641 903 663 942 Ι
695 905 719 943 7
723 904 761 952 6,
793 904 818 943 5
854 902 959 954 quid
989 903 1100 955 petis
1133 916 1158 943 a
1186 903 1394 943 Phoebo?
1423 917 1615 943 nummos
1647 904 1775 943 habet
1804 917 1900 944 arca

288 970 484 1010 Minerva
510 969 515 1027 Ι
542 970 644 1010 haec
666 970 790 1022 sapit,
813 971 916 1010 haec
937 983 1080 1010 omnes
1102 970 1269 1010 fenerat
1288 984 1373 1010 una
1393 971 1492 1010 deos
1511 972 1561 1010 11
1580 971 1684 1023 quid
1703 971 1784 1010 tibi
1805 984 1899 1011 cum

289 1037 452 1089 Cyrrha
463 1039 485 1077 ?
506 1037 611 1089 quid
626 1050 720 1077 cum
736 1037 1004 1076 Permesside
1020 1038 1135 1076 nuda
1160 1036 1165 1094 Ι
1192 1038 1430 1077 Romanum
1446 1038 1619 1090 propius
1637 1038 1899 1090 divitiusque

287 1104 429 1143 forum
458 1108 534 1144 est.
601 1106 643 1144 X
676 1107 700 1144 7
704 1106 742 1154 6,
776 1105 801 1143 5
838 1104 1045 1143 iucundus
1078 1104 1247 1156 probus,
1283 1104 1484 1144 innocens
1515 1105 1674 1144 amicus
1702 1104 1707 1162 Ι
1734 1106 1900 1157 Lingua

288 1171 437 1211 doctus
453 1175 633 1223 utraque
655 1171 774 1211 cuius
794 1185 926 1210 unum
948 1175 1013 1210 est
1030 1170 1036 1228 Ι
1055 1172 1129 1210 sed
1150 1184 1348 1222 magnum
1364 1172 1518 1211 vitium
1540 1173 1652 1223 quod
1672 1177 1737 1212 est
1754 1173 1895 1229 poeta!

287 1238 409 1278 Pallo
434 1238 628 1278 Maevius
650 1238 764 1289 alget
784 1238 830 1277 in
850 1238 1025 1278 cucullo.
1087 1239 1179 1279 Iuv.
1203 1239 1291 1278 VII
1313 1239 1461 1278 16-97.
1524 1240 1597 1290 Cp.
1621 1239 1900 1279 Friedlander

288 1305 363 1344 III
382 1306 464 1346 429
486 1305 530 1344 ff.
553 1306 647 1346 491.

343 1372 398 1412 26
429 1373 540 1424 quod
563 1373 780 1413 donasset:
813 1372 1016 1423 Relating
1038 1376 1083 1411 to
1106 1373 1181 1411 the
1207 1373 1396 1412 remarks
1418 1374 1539 1412 made
1561 1377 1605 1412 at
1625 1374 1698 1413 the
1719 1375 1822 1413 time
1843 1375 1900 1426 by

294 1439 405 1491 Aper
434 1439 519 1478 and
549 1439 705 1488 others,
736 1439 868 1478 hence
898 1439 972 1478 the
1003 1439 1110 1491 subj.
1173 1440 1229 1478 H.
1253 1440 1300 1477 II
1326 1442 1349 1479 7
1353 1441 1378 1479 5
1409 1441 1522 1491 apud
1550 1440 1681 1480 bonos
1713 1441 1898 1480 invidiae

287 1505 374 1545 fuit
403 1506 516 1558 quod
536 1537 545 1545 .
578 1537 586 1545 .
620 1537 628 1545 .
652 1506 826 1545 fecisset
864 1506 974 1544 Ann.
1013 1506 1035 1544 Ι
1068 1507 1120 1545 52
1152 1507 1226 1545 sed
1256 1507 1368 1557 quod
1389 1537 1397 1545 .
1431 1538 1438 1545 .
1473 1538 1481 1545 .
1505 1507 1900 1558 quaesivissent.—

289 1573 607 1625 indnlgentiam
631 1573 1087 1625 principis—mereri:
1136 1573 1241 1612 Stat.
1281 1573 1382 1612 Silv.
1420 1575 1459 1614 V
1488 1575 1527 1623 2,
1564 1575 1645 1614 125
1682 1588 1780 1626 ergo
1811 1589 1898 1626 age,

287 1653 386 1679 nam
417 1640 559 1691 magni
592 1640 710 1680 ducis
743 1639 1012 1691 indulgentia
1041 1640 1196 1691 pulsat.
1270 1641 1474 1680 Imitated
1507 1641 1564 1693 by
1599 1642 1691 1681 IuV.
1725 1643 1813 1683 VII
1846 1644 1897 1681 21

287 1707 591 1759 materiamque
613 1707 695 1746 sibi
717 1707 835 1747 ducis
854 1707 1122 1758 indulgentia
1137 1707 1314 1758 quaerit.
1378 1708 1491 1747 Suet.
1508 1709 1594 1748 Vit.
1613 1709 1638 1748 5
1660 1709 1900 1761 principum

287 1773 564 1825 indulgentia.
626 1774 872 1827 Especially
893 1787 1085 1814 common
1112 1774 1158 1812 in
1183 1774 1256 1813 the
1283 1788 1472 1826 younger
1493 1775 1623 1827 Pliny
1647 1777 1718 1831 (20
1740 1777 1897 1829 times).

289 1841 353 1882 Cf.
376 1842 529 1893 Mayor
547 1841 575 1880 1.
595 1854 628 1881 c.
645 1842 667 1880 I
687 1843 740 1882 27
744 1843 781 1881 8.
801 1843 894 1881 439.
910 1841 1127 1880 -mereri
1153 1840 1198 1879 in
1218 1841 1291 1880 the
1313 1854 1434 1881 sense
1456 1842 1503 1881 of
1522 1842 1726 1894 ‘acqui1·e,
1742 1844 1899 1892 obtain,

288 1908 514 1960 consequi'
548 1908 584 1947 is
617 1922 721 1961 very
743 1922 936 1948 common
972 1908 1017 1946 in
1051 1909 1146 1947 Tac.
1194 1921 1226 1947 e.
1257 1922 1294 1959 g.
1326 1921 1358 1947 c.
1396 1909 1446 1948 31
1485 1915 1527 1947 23
1560 1910 1607 1949 G.
1641 1910 1694 1948 14
1725 1911 1901 1950 vulnera

288 1971 442 2014 mereri
463 1975 540 2026 Ag.
559 1976 585 2014 4
607 1975 713 2014 iram
736 1975 817 2015 Gai
853 1975 1045 2015 Caesaris
1076 1974 1253 2013 meritus
1284 1976 1340 2013 H.
1364 1976 1411 2013 II
1432 1976 1497 2014 31.
1516 1977 1581 2015 37.
1600 1977 1653 2015 50
1675 1977 1746 2015 III
1764 1978 1817 2016 86
1839 1978 1901 2016 IV

288 2042 344 2081 34
378 2041 489 2080 Ann.
523 2042 546 2080 Ι
576 2042 629 2081 28
661 2042 708 2080 II
737 2043 791 2081 49
824 2041 889 2082 IV
917 2042 971 2081 36
1003 2042 1067 2081 VI
1089 2042 1142 2081 10
1174 2042 1267 2080 XII
1288 2043 1340 2081 31
1374 2043 1457 2081 XV
1478 2043 1502 2081 6
1533 2043 1639 2082 XVI
1671 2044 1734 2082 15.
1796 2043 1901 2082 Also

290 2107 335 2146 in
354 2108 495 2148 Plaut.
519 2109 672 2148 Pseud.
696 2109 760 2148 IV
781 2110 818 2158 7,
841 2108 894 2148 95
917 2108 1020 2160 quid
1040 2121 1175 2147 meres
1191 2110 1211 2147 ?
1237 2109 1371 2148 Varro
1402 2122 1465 2160 ap.
1486 2110 1594 2148 Non.
1618 2123 1657 2162 p.
1681 2111 1774 2159 344,
1798 2111 1901 2150 then

290 2175 574 2227 occasionally
610 2175 655 2214 in
691 2175 775 2216 Cic.
812 2188 845 2215 e.
870 2189 906 2226 g.
945 2175 1068 2214 Rosc.
1109 2176 1222 2214 Com.
1263 2176 1328 2225 10,
1364 2176 1416 2215 28
1449 2176 1532 2214 and
1563 2175 1607 2214 in
1638 2177 1753 2216 Caes.
1778 2177 1824 2215 B.
1851 2179 1899 2217 G.

290 2242 353 2281 VI
374 2242 413 2292 5,
435 2242 474 2281 2.

346 2309 400 2348 27
431 2310 469 2349 si
493 2310 558 2350 ita
581 2321 647 2350 res
670 2310 903 2350 familiaris
928 2310 1095 2361 exigat:
1128 2310 1217 2349 The
1249 2323 1362 2349 same
1394 2310 1547 2362 phrase
1579 2310 1623 2348 in
1645 2311 1785 2357 Quint.
1809 2312 1901 2350 XII

292 2378 329 2426 7,
351 2377 376 2416 9
398 2375 436 2415 si
457 2389 523 2415 res
546 2375 772 2415 familiaris
795 2376 976 2428 amplius
999 2377 1164 2428 aliquid
1185 2378 1239 2416 ad
1258 2390 1360 2416 usus
1381 2377 1639 2416 necessarios
1661 2378 1814 2428 exigat.

346 2443 400 2483 28
432 2455 475 2484 se
499 2444 639 2495 ipsum
664 2444 821 2484 colere:
855 2445 915 2482 To
946 2444 1132 2483 advance
1163 2444 1277 2483 one⁷s
1309 2457 1403 2483 own
1431 2444 1624 2483 material
1653 2445 1823 2484 fortune
1844 2446 1902 2497 by

291 2522 406 2548 more
435 2509 641 2550 lucrative
663 2510 972 2562 employments
993 2511 1099 2550 than
1122 2515 1286 2562 poetry,
1310 2524 1356 2550 so
1377 2524 1422 2550 as
1443 2515 1487 2550 to
1511 2512 1662 2550 render
1682 2512 1796 2550 one’s
1819 2513 1903 2551 self

292 2576 580 2628 independent
594 2578 640 2616 of
660 2577 841 2629 princes'
860 2578 1013 2616 favors.
1076 2578 1165 2617 The
1187 2582 1513 2617 commentators
1531 2591 1598 2616 err
1615 2578 1658 2616 in
1681 2578 1904 2630 interpret-

292 2643 366 2694 ing
380 2644 454 2683 the
476 2645 628 2696 phrase
645 2648 690 2684 to
707 2658 829 2684 mean
851 2644 1093 2695 ‘ingenium
1115 2645 1302 2684 studiose
1324 2645 1542 2693 excolere,'
1569 2645 1636 2683 for
1651 2646 1739 2684 this
1756 2645 1791 2684 is
1814 2659 1903 2697 pre-

293 2710 425 2762 cisely
446 2712 562 2751 what
582 2712 740 2751 Bassus
768 2712 844 2751 has
869 2711 976 2750 been
1001 2711 1129 2762 doing
1156 2711 1214 2750 all
1241 2711 1308 2750 his
1337 2711 1425 2750 life.
1440 2737 1497 2741 ——-
1512 2713 1654 2762 Ipsum
1677 2713 1711 2751 is
1734 2717 1807 2751 not
1828 2713 1901 2752 the

294 2778 434 2830 object
464 2777 509 2816 in
539 2778 782 2830 apposition
804 2781 849 2817 to
874 2792 926 2828 se,
952 2778 1030 2817 but
1050 2779 1327 2829 corresponds
1348 2782 1393 2817 to
1415 2778 1578 2817 ‘orator
1597 2791 1641 2818 se
1662 2779 1753 2830 ipse
1775 2780 1876 2818 colit
1890 2780 1900 2799 '

294 2844 340 2884 in
368 2844 442 2884 the
473 2844 607 2884 direct
637 2844 865 2895 discourse,
887 2857 932 2884 as
961 2845 1147 2896 opposed
1174 2848 1219 2883 to
1240 2845 1419 2883 Bassum
1440 2845 1726 2897 Vespasianus
1757 2846 1900 2885 coluit.
