2262 3224
783 227 1164 262 PROLEGOMENA.

169 354 201 382 ο.
227 345 272 380 86
294 351 329 379 15
369 345 510 388 magnis
548 344 733 378 cumulare
771 345 942 386 praemiis

186 401 456 436 uniebantur.
507 400 678 435 ,facilius
701 401 857 433 honores
880 401 942 433 ad-

214 457 482 500 sequebantur.
535 456 602 489 .hi
630 456 806 489 clientelis
831 457 941 489 etiam

182 503 185 506 ’
215 516 423 547 exterarum
462 512 653 545 nationum
687 512 942 546 redundabant

215 571 284 603 etc.

194 705 203 714 .
222 680 267 714 36
282 685 302 713 4
333 688 425 722 quae
456 680 655 722 composita
686 683 722 712 et
753 681 875 722 quieta
906 684 943 714 et

217 737 326 770 beata
359 745 398 768 re
431 736 577 778 publica
610 736 722 768 tribui
756 736 812 769 fas
850 739 937 769 erat.

217 792 262 826 38
277 797 312 825 10
334 793 457 826 omnia
472 792 511 825 in
527 792 608 825 foro
626 817 633 825 .
655 817 663 824 .
685 816 693 825 .
714 792 811 834 quod
827 792 943 825 maius

217 852 471 892 argumentum
487 852 542 881 est

195 985 204 994 .
224 960 268 994 36
284 967 302 995 7
324 961 553 994 moderatore
569 970 644 993 uno
660 961 866 994 carentibus
879 985 887 993 .
905 985 912 993 .
931 985 938 993 .

217 1017 302 1050 hinc
322 1017 509 1050 contiones
529 1017 806 1059 magistratuum
829 1025 943 1058 paene

217 1073 511 1116 pernoctantium
536 1073 574 1105 in
599 1073 725 1106 rostris
749 1077 816 1106 etc.
866 1073 910 1105 40
928 1078 943 1103 1

218 1129 407 1163 contiones
445 1129 618 1162 adsiduae
653 1133 690 1161 et
724 1129 851 1161 datum
889 1128 945 1160 ius

217 1185 510 1228 potentissimum
529 1193 707 1226 quemque
724 1184 880 1217 vexandi
902 1183 940 1217 ff.

196 1377 205 1386 .
225 1353 268 1386 36
283 1358 319 1385 28
333 1351 371 1386 ff.
391 1361 475 1386 cum
495 1362 625 1395 parum
646 1355 740 1385 esset
759 1352 797 1385 in
815 1355 946 1385 senatu

218 1409 378 1442 breviter
397 1417 543 1442 censere

197 1545 206 1553 .
225 1520 268 1554 37
283 1526 318 1553 35
347 1520 470 1562 plures
498 1523 622 1553 tamen
650 1520 766 1553 bonos
795 1519 947 1562 proeliaf

219 1579 318 1609 tores
339 1575 436 1609 bella
458 1585 567 1618 quam
590 1585 664 1617 pax
688 1576 812 1608 ferunt

198 1713 207 1722 .
222 1687 266 1720 36
278 1693 309 1719 11
333 1688 418 1721 hinc
434 1697 623 1730 procerum
640 1687 817 1721 factiones
833 1691 869 1720 et
885 1688 948 1721 ad-

220 1743 325 1777 sidua
340 1743 512 1776 adversus
527 1743 669 1785 plebem
685 1744 885 1777 certamina

197 1879 205 1888 .
225 1855 269 1888 38
286 1862 304 1888 3
318 1855 356 1888 ff.
376 1865 485 1888 nemo
502 1855 599 1889 intra
615 1856 850 1898 paucissimas
868 1865 949 1897 per-

221 1919 323 1944 orare
346 1911 454 1945 horas
471 1937 478 1944 .
500 1936 508 1945 .
530 1937 538 1944 .
559 1912 708 1945 modum
732 1912 770 1944 in
794 1912 947 1944 dicendo

219 1967 290 2000 sibi
305 1968 454 2009 quisque
470 1969 637 2000 sumebat
667 1968 711 2000 39
723 1975 740 2001 7
756 1967 792 2000 ff.
814 1971 869 2000 est
885 1967 949 2000 ali-

221 2023 302 2065 quis
336 2027 520 2057 oratorum
557 2033 706 2065 campus
730 2048 738 2056 .
767 2048 775 2056 .
804 2048 812 2056 .
840 2033 947 2065 saepe

221 2078 421 2121 interrogat
443 2079 555 2112 index
578 2083 645 2112 etc.

199 2214 208 2223 .
228 2190 317 2224 3719
333 2189 369 2223 ff.
399 2200 491 2232 quae
519 2191 616 2224 mala
639 2192 733 2224 sicut
757 2201 832 2224 non
858 2192 949 2224 acci-

222 2245 307 2279 dere
324 2246 451 2279 melius
467 2251 521 2279 est
537 2247 636 2287 isque
654 2247 811 2288 optimus
825 2247 949 2280 civita-

222 2302 271 2335 tis
285 2305 402 2335 status
417 2303 604 2336 habendus
620 2303 658 2335 in
675 2312 746 2344 quo
765 2303 854 2335 nihil
878 2303 949 2336 tale

222 2358 392 2400 patimur,
413 2359 464 2392 ita
483 2368 566 2391 cum
589 2360 806 2399 acciderent,
827 2360 950 2401 ingen-

1649 218 1782 261 lxxxi

1009 354 1039 378 ο.
1058 345 1098 377 11
1112 350 1145 377 13
1167 354 1234 378 nec
1254 345 1448 378 comitatus
1463 344 1551 378 istos
1567 347 1604 377 et
1619 354 1782 387 egressus

1054 404 1118 434 aut
1148 400 1391 442 frequentiam
1424 400 1663 433 salutantium
1697 410 1783 434 con-

1054 457 1198 498 cupisco
1233 466 1308 489 non
1343 456 1458 499 magis
1489 465 1599 498 quam
1630 466 1715 490 aera
1745 459 1783 489 et

1054 513 1229 555 imagines

1009 691 1039 715 c.
1053 682 1095 714 41
1110 687 1124 712 1
1142 681 1239 722 quod
1251 683 1414 722 superest
1426 680 1567 722 antiqui
1579 681 1782 714 oratoribus

1054 737 1126 770 fori
1156 746 1231 770 non
1259 737 1472 770 emendatae
1500 746 1567 769 nec
1594 746 1707 778 usque
1735 737 1782 770 ad

1054 797 1179 826 votum
1218 793 1438 834 compositae
1480 792 1638 826 civitatis
1678 801 1784 835 argu-

1055 852 1219 881 mentum
1243 852 1297 881 est

1033 986 1040 993 .
1061 961 1103 993 41
1117 966 1150 993 15
1165 960 1202 993 ff.
1231 960 1318 1001 quid
1341 960 1466 993 multis
1489 960 1586 1002 apud
1608 960 1782 1002 populum

1056 1016 1297 1057 contionibus,
1317 1026 1400 1049 cum
1419 1042 1426 1049 .
1445 1041 1453 1049 .
1473 1042 1479 1049 .
1497 1026 1571 1048 non
1588 1016 1693 1048 multi
1709 1040 1717 1049 .
1739 1041 1747 1048 .
1769 1041 1778 1049 .

1056 1073 1256 1105 deliberent
1302 1073 1365 1105 sed
1415 1072 1701 1114 sapientissimus
1745 1075 1783 1104 et

1056 1130 1177 1161 unus?
1203 1129 1290 1170 quid
1309 1129 1524 1162 voluntariis
1547 1128 1784 1161 accusationi-

1056 1185 1124 1217 bus
1168 1185 1213 1217 40
1231 1191 1263 1216 21
1296 1185 1397 1218 nulla
1427 1185 1654 1226 superiorum
1684 1193 1784 1216 reve-

1056 1241 1185 1274 rentia.

1034 1378 1042 1386 .
1063 1353 1105 1384 41
1124 1358 1156 1384 14
1183 1352 1270 1394 quid
1294 1352 1392 1385 enim
1416 1361 1506 1394 opus
1529 1355 1584 1385 est
1606 1351 1723 1394 longis
1745 1351 1784 1384 in

1057 1412 1186 1441 senatu
1208 1408 1398 1440 sententiis

1036 1545 1043 1552 .
1063 1520 1107 1552 40
1122 1526 1156 1552 23
1187 1519 1271 1552 tulit
1301 1519 1379 1552 sine
1410 1519 1521 1552 dubio
1549 1519 1785 1552 valentiorem

1058 1576 1302 1617 eloquentiam

1036 1713 1044 1722 .
1063 1688 1108 1720 40
1124 1694 1155 1719 21
1181 1687 1282 1720 nulla
1307 1687 1379 1720 fuit
1404 1687 1442 1719 in
1467 1687 1547 1720 foro
1575 1696 1658 1729 pax,
1685 1686 1787 1720 nulla

1059 1744 1098 1776 in
1121 1748 1251 1777 senatu
1275 1744 1468 1777 concordia

1037 1881 1044 1889 .
1065 1857 1107 1889 41
1125 1862 1159 1887 22
1174 1856 1200 1890 f.
1228 1855 1329 1888 nulla
1354 1856 1392 1888 in
1418 1855 1559 1888 iudiciis
1584 1855 1786 1888 moderatio

1061 1937 1069 1945 .
1090 1937 1098 1945 .
1120 1936 1128 1945 .
1149 1911 1271 1944 nullus
1294 1912 1573 1954 magistratuum
1597 1910 1727 1943 modus

1038 2217 1046 2224 .
1062 2192 1106 2225 40
1117 2198 1152 2224 25
1167 2201 1234 2224 nec
1250 2191 1345 2224 tanti
1360 2190 1413 2223 rei
1428 2190 1593 2232 publicae
1609 2190 1788 2224 Graccho-

1061 2257 1143 2280 rum
1166 2247 1373 2291 eloquentia
1394 2246 1466 2278 fuit
1486 2250 1528 2278 ut
1549 2250 1733 2288 pateretur
1751 2249 1788 2279 et

1062 2303 1157 2345 leges
1183 2312 1250 2336 nec
1278 2304 1369 2336 bene
1397 2303 1533 2336 famam
1562 2302 1788 2344 eloquentiae

1063 2359 1189 2393 Cicero
1212 2359 1277 2392 tali
1302 2359 1403 2391 exitu
1429 2358 1604 2400 pensavit.

222 2417 298 2446 tem
319 2414 544 2456 eloquentiae
566 2415 755 2448 materiam
778 2416 950 2448 submini-

223 2470 389 2503 strabant
406 2495 414 2503 .
436 2495 443 2503 .
466 2495 473 2503 .
494 2480 568 2503 non
600 2471 685 2512 quia
714 2472 809 2504 tanti
840 2471 950 2504 fuerit

225 2527 292 2558 etc.

237 2603 298 2642 To
318 2616 390 2655 my
410 2603 541 2653 mind,
558 2605 678 2643 these
699 2618 924 2644 numerous
947 2604 1277 2644 contradictions
1299 2604 1384 2643 and
1403 2603 1666 2656 repetitions,
1682 2604 1789 2643 with

180 2669 295 2708 their
318 2670 542 2722 polemical
567 2671 795 2721 additions,
818 2684 888 2711 are
919 2672 1038 2723 quite
1069 2671 1369 2722 incompatible
1400 2670 1507 2710 with
1535 2671 1608 2710 the
1639 2684 1791 2723 suppo-

182 2735 313 2775 sition
341 2737 437 2776 that
467 2738 689 2777 Maternus
722 2738 757 2777 is
788 2739 861 2778 the
893 2738 1071 2790 speaker
1101 2738 1374 2788 throughout,
1397 2739 1482 2778 and
1507 2738 1595 2778 this
1620 2751 1718 2790 may
1737 2739 1789 2777 be

182 2802 352 2842 further
377 2803 524 2843 shown
549 2805 604 2857 by
626 2818 739 2845 some
761 2819 875 2845 more
898 2807 1068 2857 general
1089 2806 1434 2846 considerations.

240 2869 293 2908 In
312 2870 386 2909 the
407 2870 500 2910 first
521 2872 652 2923 place,
674 2873 746 2912 the
768 2873 870 2924 high
892 2873 1044 2925 eulogy
1063 2873 1204 2913 which
1225 2873 1261 2912 is
1283 2873 1512 2925 indirectly
1532 2873 1633 2925 paid
1652 2877 1696 2912 to
1715 2872 1790 2911 the

182 2939 345 2975 orators
367 2937 414 2976 of
436 2937 510 2977 the
531 2938 751 2990 Republic,
773 2940 846 2979 the
877 2939 1044 2979 intense
1074 2940 1330 2984 admiration
1360 2940 1427 2980 for
1457 2940 1569 2980 their
1599 2939 1791 2992 superior
