2262 3224
352 186 438 228 110
1058 200 1222 232 xo‘rEs.

350 325 382 351 c.
415 315 439 352 6
471 321 520 351 19.
582 314 633 352 In
665 314 713 353 G.
746 315 798 353 10
830 315 961 353 Halm
990 315 1112 354 reads
1143 315 1281 366 'apud
1302 315 1468 366 plebem
1502 316 1576 355 scd
1596 317 1708 367 apud
1741 329 1944 368 proceres,

351 380 586 418 sacerdotes
608 380 720 418 enim
742 381 750 395 '
787 380 831 418 in
853 381 969 431 place
1005 381 1050 419 of
1088 380 1211 431 ‘apud
1231 381 1395 432 plebem
1429 382 1541 433 apud
1573 394 1790 432 proceres,
1835 383 1947 434 apud

350 445 610 484 sacerdotes:
642 458 685 484 se
707 446 841 484 enim'
873 447 919 485 of
937 447 1009 485 the
1030 447 1123 485 best
1146 447 1266 486 MSS.
1329 447 1401 498 Cp.
1427 448 1672 486 Massmann
1692 448 1745 486 ad
1764 447 1839 487 loc.
1863 449 1947 488 and

349 511 478 561 Nipp.
502 511 611 549 Ann.
637 512 699 551 IV
719 513 782 551 35.
797 525 1019 552 —numen
1048 516 1089 553 et
1117 513 1311 553 caelestis
1327 513 1412 553 vis:
1456 513 1519 553 Cf.
1557 513 1640 553 Cic.
1664 527 1739 564 pro
1764 514 1855 553 Mil.
1876 515 1943 564 29,

349 577 402 616 83
433 577 593 616 nullam
624 577 710 615 vim
741 608 748 616 .
782 608 790 616 .
822 591 978 617 numen
1008 579 1210 617 divinum.
1270 579 1387 618 Verr.
1424 579 1472 617 II
1502 580 1540 628 4,
1573 580 1639 628 49,
1676 580 1754 619 107
1776 579 1862 618 vim
1892 610 1901 619 .
1933 610 1942 619 .

349 655 598 693 numenque.
660 643 725 683 On
745 644 817 682 the
838 643 1031 682 inverted
1051 645 1171 683 order
1198 644 1250 683 cf.
1274 657 1306 683 c.
1329 645 1356 682 4
1376 649 1408 682 3.
1468 645 1556 683 The
1577 644 1718 695 figure,
1741 645 1901 696 though
1920 658 1946 686 a

349 722 451 759 very
491 709 590 747 bold
628 721 718 758 one,
759 709 795 748 is
835 710 1148 749 characteristic
1188 710 1233 749 of
1279 710 1429 761 Aper's
1469 710 1627 750 diction
1674 712 1941 762 throughout.

351 775 427 813 See
466 774 612 824 below,
654 775 864 814 sordidius
895 779 937 814 et
966 776 1169 815 abiectius
1201 776 1303 826 nati,
1325 780 1550 827 paupertas
1581 807 1589 815 .
1623 807 1630 815 .
1664 807 1672 815 .
1708 777 1945 816 circumste-

348 844 503 879 terunt.

405 908 429 945 9
451 907 505 946 ad
529 918 655 958 quam
679 919 810 958 usque
834 909 1067 948 fortunam:
1108 910 1163 946 ad
1191 922 1317 959 usque
1346 908 1451 947 with
1480 921 1534 947 an
1563 908 1831 960 intervening
1853 923 1944 961 pro-

349 986 462 1011 noun
482 972 518 1011 is
546 973 875 1024 comparatively
905 986 997 1012 rare
1027 975 1110 1013 and
1139 975 1371 1025 post-Aug,
1394 987 1426 1013 6.
1451 988 1486 1024 g.
1509 974 1587 1025 Ag.
1611 975 1664 1014 14
1685 976 1738 1014 ad
1758 979 1943 1014 nostram

348 1051 481 1089 usque
502 1038 757 1077 memoriam.
807 1039 929 1079 With
949 1052 1002 1079 an
1023 1040 1322 1090 interrogative
1343 1053 1544 1091 pronoun,
1563 1040 1651 1079 also
1667 1041 1807 1086 Quint.
1830 1042 1942 1081 VIII

348 1106 387 1154 5,
409 1105 462 1143 33
492 1105 546 1143 ad
576 1117 700 1155 quam
729 1117 863 1156 usque
892 1118 968 1144 nos
997 1106 1158 1145 vocatis
1188 1110 1456 1155 vetustatem,
1477 1107 1569 1145 XII
1595 1107 1632 1155 1,
1653 1107 1706 1146 32
1736 1108 1789 1146 ad
1819 1120 1943 1158 quem

347 1183 481 1221 usque
515 1171 698 1210 modum.
770 1171 842 1222 Cp.
875 1172 1139 1222 Thielmann,
1169 1172 1321 1210 Archiv
1351 1172 1438 1211 VII
1476 1185 1515 1223 p.
1548 1173 1711 1211 104.—-
1723 1174 1942 1223 fortunam

349 1237 471 1287 ‘high
491 1236 704 1288 position!

405 1303 455 1341 11
479 1304 562 1351 sed,
581 1303 881 1342 subordinated
895 1307 939 1343 to
956 1316 981 1342 a
996 1304 1221 1355 preceding
1237 1305 1321 1343 sed.
1366 1304 1419 1343 So
1435 1304 1524 1343 also
1540 1304 1649 1342 Ann.
1667 1305 1782 1342 XIII
1799 1305 1851 1344 13
1867 1305 1942 1344 sed

348 1369 587 1419 Agrippina
608 1382 691 1407 non
713 1369 779 1407 his
801 1369 955 1408 instrui
974 1370 1114 1421 cultus
1136 1382 1231 1408 suos
1254 1370 1327 1409 sed
1357 1370 1506 1409 ceteris
1537 1369 1669 1408 arceri
1698 1370 1938 1421 proclamat.

349 1435 450 1473 This
473 1447 614 1473 occurs
636 1447 680 1473 as
703 1435 818 1486 early
835 1448 879 1474 as
896 1435 1073 1474 Plautus
1095 1449 1128 1474 e.
1145 1449 1180 1485 g.
1200 1437 1310 1474 Men.
1327 1437 1408 1475 644
1425 1436 1498 1474 sed
1514 1448 1588 1486 ego
1608 1435 1726 1475 illam
1746 1449 1830 1474 non
1850 1449 1941 1475 con-

348 1500 501 1539 donavi
531 1501 605 1539 sed
635 1500 695 1539 sic
728 1501 931 1539 utendum
962 1501 1070 1539 dedi.
1131 1501 1244 1540 Trin.
1276 1502 1328 1540 92
1362 1501 1548 1556 (Ritsclil
1574 1502 1774 1551 Par-crya,
1806 1503 1937 1552 praef.

347 1580 385 1617 p.
409 1566 529 1618 xxix)
549 1566 632 1605 and
651 1579 676 1605 a
696 1566 778 1604 few
799 1566 923 1605 times
946 1566 991 1604 in
1012 1566 1095 1606 Cic.
1119 1579 1152 1605 e.
1169 1580 1205 1617 g.
1225 1567 1310 1606 har.
1334 1579 1441 1617 resp.
1464 1567 1530 1615 28,
1546 1567 1597 1605 61
1619 1580 1694 1617 pro
1710 1568 1837 1606 Marc.
1860 1568 1898 1617 3,
1913 1569 1939 1608 9

347 1632 457 1670 Phil.
473 1633 572 1681 VII,
588 1633 623 1671 5.
681 1632 754 1683 Cp.
774 1633 845 1670 Dr.
866 1633 921 1670 H.
943 1632 982 1671 S.
1002 1632 1049 1670 II
1065 1633 1189 1672 98.—
1201 1633 1428 1683 spectanda
1452 1633 1719 1673 haberemus:
1751 1632 1938 1672 ‘Habeo’

346 1698 452 1737 with
481 1698 709 1748 gerundive
738 1697 831 1737 first
860 1710 1003 1737 occurs
1034 1698 1079 1736 in
1100 1699 1244 1747 Varro,
1270 1699 1321 1737 de
1343 1699 1393 1736 R.
1416 1698 1465 1736 R.
1489 1699 1511 1736 I
1532 1699 1596 1747 16,
1618 1699 1644 1736 2
1674 1698 1798 1737 multi
1826 1699 1938 1737 enim

347 1764 502 1803 habent
532 1764 576 1802 in
602 1764 1188 1815 praediis—importandum.
1249 1764 1337 1802 The
1369 1764 1654 1802 construction
1685 1764 1854 1803 reaches
1881 1764 1937 1804 its

346 1830 493 1880 height
525 1830 569 1868 in
601 1831 696 1868 Tac.
734 1833 783 1884 (c.
818 1830 869 1869 19
892 1836 935 1867 25
955 1830 1006 1868 31
1030 1836 1071 1868 19
1101 1818 1160 1869 36'
1174 1836 1217 1867 29
1246 1831 1299 1869 37
1321 1835 1361 1868 17
1383 1830 1439 1868 Η.
1463 1830 1484 1868 Ι
1506 1830 1558 1868 15
1579 1830 1642 1869 IV
1662 1832 1714 1869 77
1739 1830 1848 1869 Ann.
1875 1831 1940 1870 IV

345 1897 398 1935 40
429 1897 535 1935 XIV
563 1896 635 1947 44)
668 1896 750 1934 and
780 1896 824 1933 in
854 1896 925 1934 the
946 1908 1133 1947 younger
1149 1895 1289 1947 Pliny,
1306 1895 1399 1934 who
1420 1907 1516 1945 goes
1539 1908 1584 1934 so
1604 1895 1671 1934 far
1691 1908 1735 1934 as
1756 1900 1800 1935 to
1819 1908 1894 1935 use
1914 1909 1939 1935 a

346 1975 469 2001 masc.
493 1974 683 2012 pronoun
704 1974 748 2000 as
766 1962 914 2012 object.
956 1962 1204 2000 Thereafter
1224 1961 1259 2000 it
1278 1961 1467 2000 becomes
1487 1961 1571 2000 less
1587 1961 1785 2012 frequent
1803 1965 1941 2018 (never

345 2028 390 2066 in
406 2027 675 2079 Quintilian),
693 2027 914 2078 gradually
934 2027 1080 2078 giving
1109 2040 1202 2078 way
1221 2030 1266 2066 to
1297 2027 1306 2043 ‘
1319 2027 1469 2066 habeo'
1500 2027 1606 2066 with
1634 2027 1709 2066 inf.
1770 2028 1842 2079 Cp.
1863 2028 1937 2067 the

345 2094 592 2132 exhaustive
614 2093 760 2132 article
782 2093 837 2144 by
858 2093 1120 2142 Thielmann,
1143 2093 1294 2131 Archiv
1316 2094 1362 2131 II
1383 2094 1435 2132 66
1456 2093 1499 2131 ff.
1522 2094 1602 2132 380
1623 2094 1706 2132 and
1725 2094 1796 2132 Dr.
1819 2095 1875 2133 H.
1894 2094 1936 2134 S.

345 2161 391 2198 II
408 2161 488 2198 824
506 2160 588 2198 Stil
607 2160 659 2198 27
674 2172 706 2198 e.
767 2159 896 2198 Helm
917 2160 1077 2207 Quaest.
1099 2159 1212 2210 Sym.
1235 2173 1273 2210 p.
1290 2160 1486 2198 88.—For
1502 2159 1727 2210 analogous
1748 2160 1938 2212 subjunc-

343 2226 465 2274 tives,
498 2238 565 2264 see
596 2238 627 2264 c.
660 2226 713 2263 40
738 2232 759 2263 9
789 2225 838 2263 (16
869 2237 912 2263 re
947 2224 1158 2275 loquimur
1190 2238 1296 2275 quae
1327 2255 1335 2263 .
1369 2255 1376 2264 .
1409 2225 1598 2275 gaudeat.
1659 2226 1707 2265 G.
1742 2226 1793 2264 18
1824 2226 1934 2265 Ann.

345 2293 416 2330 III
448 2293 500 2330 28
534 2292 617 2330 and
648 2292 714 2330 W.
738 2292 786 2330 G.
811 2291 933 2340 Hale,
963 2291 1064 2330 Cum
1091 2291 1242 2330 Constr.
1266 2304 1304 2342 p.
1327 2292 1379 2330 93
1400 2291 1430 2329 f.
1447 2292 1726 2331 ——sordidius
1754 2294 1796 2332 et
1826 2292 1937 2332 abie-

344 2359 453 2398 ctius
478 2361 624 2398 natus:
666 2357 862 2407 opposed
895 2360 939 2396 to
961 2356 1213 2395 ‘liberaliter
1242 2357 1386 2395 natus’
1411 2359 1491 2412 (cp.
1516 2357 1641 2408 Seyff.
1665 2357 1785 2396 Mun.
1819 2357 1933 2397 Lael.

344 2438 381 2474 p.
402 2425 491 2462 116.
511 2423 623 2475 421).
684 2423 772 2461 The
787 2423 1091 2473 comparatives
1113 2435 1182 2461 are
1198 2436 1299 2474 very
1316 2435 1420 2471 rare,
1438 2422 1663 2474 especially
1679 2436 1724 2462 as
1745 2424 1933 2463 adverbs.

345 2489 560 2528 Sordidior
589 2493 688 2539 toga
716 2501 859 2527 occurs
891 2489 935 2526 in
965 2490 1088 2527 Mart.
1130 2489 1165 2537 I,
1197 2489 1289 2537 104,
1321 2489 1357 2527 5.
1395 2488 1633 2527 ‘Abiectus'
1669 2501 1713 2528 as
1743 2502 1796 2528 an
1825 2490 1935 2542 adj.:

344 2555 426 2594 Cic.
451 2556 563 2594 Lael.
588 2556 651 2603 16,
675 2556 727 2594 59
749 2555 799 2593 de
820 2555 898 2605 leg.
923 2555 943 2593 I
967 2555 1030 2602 19,
1054 2555 1105 2593 51
1127 2555 1181 2593 ad
1203 2555 1301 2593 fam.
1325 2555 1346 2592 I
1367 2555 1474 2603 9,16
1496 2554 1605 2605 Livy
1621 2555 1698 2604 IX,
1717 2556 1824 2604 6,11
1841 2556 1932 2596 Val.

344 2622 455 2659 Max.
480 2622 565 2669 III,
588 2622 625 2669 5,
647 2622 684 2659 4.
709 2633 752 2659 as
775 2621 866 2659 adv.
888 2635 896 2658 :
927 2620 1063 2658 Amm.
1101 2620 1287 2659 Marcell.
1321 2621 1414 2668 XV,
1442 2621 1480 2669 2,
1511 2622 1548 2660 3.
1580 2621 1708 2659 XXX
1727 2622 1765 2670 8,
1788 2622 1839 2660 11
1863 2625 1935 2677 (an

343 2687 531 2726 imitator
551 2687 596 2725 of
625 2688 671 2725 T.
694 2699 756 2737 cp.
779 2685 1004 2734 Woelfflin,
1027 2686 1178 2724 Philol.
1209 2687 1374 2734 XXIX,
1397 2686 1508 2738 559).
1570 2687 1641 2737 Cp.
1672 2687 1932 2736 Thielmann,

342 2754 495 2792 Archiv
517 2753 578 2792 IV
598 2752 691 2791 552.
750 2753 823 2791 Dr.
846 2753 901 2791 H.
927 2751 969 2791 S.
991 2751 1014 2789 Ι
1042 2752 1095 2792 39
1117 2751 1317 2791 f.—The
1348 2764 1459 2791 same
1486 2751 1734 2791 collocation
1763 2752 1808 2791 in
1837 2754 1932 2792 Tac.

342 2819 453 2857 Ann.
476 2817 591 2856 XIII
612 2818 664 2856 46
687 2817 826 2863 Quint.
850 2818 896 2855 II
919 2818 983 2867 12,
1007 2820 1030 2857 7
1054 2818 1146 2856 Sen.
1170 2818 1246 2868 Ep.
1268 2819 1333 2866 37,
1355 2818 1392 2857 4.
