2262 3224
424 235 510 277 298
822 232 825 236 ’
1138 244 1302 278 ΝοΤΕε.

422 362 475 401 ad
495 362 719 400 utilitatem
752 360 1034 411 dirigerentur
1065 372 1209 399 eorum
1239 360 1389 412 quibus
1411 361 1633 401 consilium
1655 363 1846 404 daremus
1866 379 1875 415 3
1906 365 2012 406 alios

422 428 524 466 item
557 427 603 465 in
635 427 938 466 laudationibus
969 426 1015 465 in
1049 426 1200 478 quibus
1231 427 1284 466 ad
1307 440 1578 477 personarum
1612 428 1854 479 diquitatem
1873 431 2014 472 omnia

422 494 693 532 referrentur.

478 562 503 599 9
535 561 629 600 sed·
652 585 660 592 ·
682 584 689 592 -
710 560 990 600 misceantur:
1032 558 1213 607 Justice,
1244 554 1391 610 utility
1421 560 1505 598 and
1533 560 1700 610 morals,
1731 561 1893 613 though
1922 575 2014 603 con-

424 626 624 676 stituting
643 626 716 665 the
738 625 948 677 principal
967 625 1103 676 topics
1121 625 1167 663 of
1187 625 1423 664 discussion
1439 625 1484 663 in
1499 626 1571 665 the
1588 627 1820 678 respective
1842 628 2015 679 ‘genera

424 693 612 731 dicendi'
644 696 690 731 to
722 692 860 731 which
895 692 998 743 they
1030 691 1228 742 properly
1260 691 1423 742 belong,
1456 704 1525 731 are
1560 694 1846 733 never-theless
1877 695 1936 734 all
1967 708 2013 735 so

423 759 581 810 closely
601 758 878 797 interrelated
908 770 953 797 as
983 761 1027 796 to
1057 758 1207 796 render
1237 757 1310 796 the
1341 761 1568 797 treatment
1589 759 1635 797 of
1654 772 1730 798 one
1751 764 1795 799 to
1814 761 1887 800 the
1904 762 2015 812 rigid

423 825 640 864 exclusion
660 825 706 864 of
724 825 797 864 the
819 825 940 863 other
960 824 1209 875 practically
1231 823 1487 874 impossible.
1532 825 1620 864 The
1643 839 1755 865 same
1776 827 1957 879 thought
1977 828 2013 868 is

423 892 603 942 brought
624 895 696 930 out
716 892 772 942 by
793 891 934 937 Quint.
958 891 1030 928 III
1051 891 1088 938 4,
1112 891 1164 929 16
1195 903 1247 929 ne
1278 889 1331 929 iis
1362 890 1532 941 quidem
1561 893 1807 932 accesserim
1827 894 1899 944 qui
1924 894 2014 950 (the

424 958 595 997 authors
626 958 814 996 referred
842 961 886 995 to
917 957 961 995 in
994 958 1060 1001 §9
1082 956 1145 1008 ff.)
1183 956 1442 996 laudativam
1476 958 1694 997 materiam
1729 960 2013 1011 honestorum,

425 1024 746 1063 deliberativam
785 1023 969 1072 utilium,
1007 1023 1248 1062 iudicialem
1288 1023 1493 1062 iustorum
1528 1025 1774 1075 quaestione
1808 1027 2015 1066 contineri

425 1094 588 1142 putant,
611 1090 737 1129 celeri
758 1090 890 1140 magis
912 1103 959 1129 ac
979 1090 1160 1128 rotunda
1179 1089 1245 1128 usi
1267 1090 1566 1130 distributione
1590 1104 1715 1142 quam
1736 1105 1845 1132 vera.
1894 1093 2016 1133 Stant

426 1158 534 1196 enim
554 1158 841 1207 quodammodo
862 1157 1016 1195 mutuis
1037 1157 1211 1194 auxiliis
1232 1157 1379 1195 omnia.
1439 1158 1550 1196 Nam
1570 1161 1612 1196 et
1633 1158 1678 1196 in
1697 1158 1820 1198 laude
1850 1159 2017 1199 iustitia

424 1224 671 1274 utilitasque
701 1226 908 1262 tractatur
930 1226 971 1261 et
992 1223 1036 1260 in
1057 1222 1246 1261 consiliis
1277 1223 1475 1262 honestas
1497 1227 1539 1262 et
1564 1237 1656 1263 raro
1687 1224 1927 1264 iudicialem
1955 1225 2016 1264 in-

424 1290 589 1329 veneris
630 1302 798 1329 causam
836 1289 882 1327 in
921 1289 1039 1339 cuius
1074 1293 1194 1340 parte
1234 1302 1317 1327 non
1357 1289 1519 1340 aliquid
1557 1302 1713 1339 eorum,
1749 1304 1854 1342 quae
1889 1304 2017 1343 supra

426 1356 621 1405 diximus,
645 1356 879 1407 reperiatur
909 1355 992 1394 and
1021 1355 1144 1405 again
1174 1355 1246 1393 III
1268 1355 1305 1403 8,
1328 1355 1351 1393 1
1383 1347 1680 1395 deliberativas
1702 1369 1867 1408 quoque
1887 1357 2016 1397 miror

425 1435 450 1461 a
479 1423 730 1473 quibusdam
760 1422 850 1460 sola
877 1421 1066 1460 utilitate
1097 1421 1251 1459 finitas.
1288 1434 1334 1460 ac
1365 1421 1401 1459 si
1432 1422 1533 1472 quid
1563 1422 1608 1460 in
1637 1422 1703 1461 his
1733 1436 1864 1462 unum
1896 1423 2016 1475 sequi

425 1492 648 1539 oporteret,
671 1488 810 1539 potior
840 1488 994 1526 fuisset
1024 1487 1135 1538 apud
1165 1500 1230 1525 me
1261 1487 1473 1527 Ciceronis
1505 1489 1716 1527 sententia
1749 1490 1817 1544 (de
1841 1493 1945 1529 orat.
1968 1490 2016 1528 II

425 1556 490 1603 82,
512 1555 612 1606 334)
637 1554 711 1605 qui
731 1554 808 1593 hoc
830 1553 1030 1592 materiae
1052 1566 1181 1603 genus
1204 1553 1411 1603 dignitate
1433 1554 1614 1593 maxime
1644 1555 1850 1595 contineri
1880 1559 2013 1607 putat.

425 1634 500 1660 nec
536 1621 680 1659 dubito
717 1620 820 1671 quin
855 1620 887 1657 ii
922 1619 995 1670 qui
1031 1622 1130 1657 sunt
1165 1619 1210 1656 in
1245 1619 1321 1658 illa
1353 1619 1491 1669 priore
1527 1621 1749 1669 sententia,
1786 1622 2015 1660 secundum

425 1687 663 1737 opinionem
685 1685 1011 1737 pulcherrimam
1032 1698 1084 1723 ne
1104 1685 1209 1723 utile
1232 1685 1400 1735 quidem
1421 1685 1503 1723 nisi
1526 1686 1636 1736 quod
1652 1686 1874 1725 honestum
1891 1691 2014 1736 esset,

425 1753 721 1792 existimarint.

559 1831 659 1863 With
690 1831 750 1862 the
781 1829 929 1870 solitary
957 1829 1145 1869 exception
1174 1829 1211 1860 of
1243 1829 1394 1869 Philipp,
1426 1829 1520 1861 Dial.
1560 1829 1637 1861 Tac.
1660 1854 1667 1861 .
1690 1854 1697 1862 .
1719 1855 1726 1862 .
1747 1839 1836 1871 quae
1861 1832 2016 1871 yenuina

507 1886 619 1926 fuerit
628 1885 761 1925 forma,
782 1885 925 1916 Vienna
943 1885 1026 1916 1887
1044 1893 1077 1924 p.
1098 1884 1141 1915 29
1157 1883 1197 1923 f.‚
1217 1884 1277 1915 the
1295 1884 1524 1916 emendation
1542 1884 1580 1916 of
1597 1885 1746 1917 Ursinus
1766 1889 1774 1904 ‘
1786 1885 1830 1918 de
1846 1886 2013 1926 utilitate,

514 1941 551 1973 in
581 1940 871 1973 laudationibus’
906 1940 970 1971 has
1001 1942 1075 1970 met
1105 1939 1190 1970 with
1220 1939 1363 1979 general
1392 1943 1615 1979 acceptance.
1665 1940 1807 1981 Philipp
1833 1941 1936 1973 bases
1961 1941 2017 1973 his

514 1996 710 2036 obJ'ections
733 2004 830 2035 upon
854 1993 1143 2026 unwarrantable
1168 1993 1367 2026 inferences
1388 1994 1511 2026 drawn
1529 1994 1623 2026 from
1641 1995 1713 2027 Cic.
1735 1995 1779 2027 de
1796 1999 1884 2028 orat.
1906 1996 1942 2027 II
1959 1996 2012 2036 10,

514 2051 558 2083 43
598 2051 653 2082 III
680 2052 734 2091 30,
760 2051 819 2082 121
863 2050 985 2089 Quint.
1015 2049 1070 2080 ΙΙΙ
1092 2049 1124 2088 8,
1146 2050 1161 2080 1
1189 2049 1260 2080 and
1294 2050 1325 2080 X
1352 2050 1382 2088 1,
1409 2049 1450 2081 47
1478 2049 1548 2081 and
1578 2050 1717 2090 ignores
1747 2050 1808 2082 the
1838 2051 2016 2091 tripartite

514 2105 762 2138 enumeration
782 2105 846 2136 ‘de
863 2105 966 2136 bonis
986 2105 1068 2135 etc.'
1090 2104 1203 2135 which
1221 2104 1281 2135 the
1302 2105 1426 2135 ‘nam'
1447 2104 1564 2136 clause
1589 2105 1618 2136 is
1642 2105 1822 2146 evidently
1844 2106 2016 2138 intended

514 2165 552 2194 to
568 2161 753 2193 illustrate.
791 2160 952 2192 Ursinus'
970 2159 1212 2197 restorations‚
1230 2159 1316 2190 both
1330 2159 1412 2190 here
1426 2159 1496 2192 and
1515 2159 1550 2190 in
1568 2169 1596 2191 c.
1612 2161 1687 2199 510,
1704 2160 1819 2192 where
1835 2161 1896 2192 the
1909 2161 2016 2193 exist-

514 2226 600 2249 ence
617 2216 655 2248 of
671 2226 692 2248 a
716 2215 845 2247 lacuna
861 2215 926 2246 has
950 2214 1024 2246 also
1049 2214 1209 2254 unjustly
1234 2215 1324 2246 been
1350 2214 1479 2246 denied
1504 2215 1551 2255 by
1577 2215 1764 2256 Kiessling,
1785 2215 1893 2248 Index
1908 2215 2010 2248 schol.

515 2271 725 2305 Greifswald
743 2270 827 2302 1884
833 2269 888 2312 ss),
908 2279 968 2302 are
986 2279 1116 2309 among
1138 2269 1197 2300 the
1216 2273 1308 2301 most
1325 2270 1461 2301 certain
1485 2270 1732 2302 emendations
1756 2270 1859 2303 made
1883 2272 1919 2302 in
1944 2271 2016 2303 this

513 2327 725 2358 treatise.-—
739 2329 746 2344 ‘
760 2326 815 2357 Ita
836 2328 957 2357 tamen
982 2325 1049 2363 ut‚'
1069 2325 1203 2365 though
1230 2325 1335 2365 again
1361 2325 1474 2356 found
1500 2326 1535 2356 in
1560 2335 1589 2357 c.
1612 2326 1652 2357 16
1668 2331 1701 2356 22
1724 2325 1766 2357 38
1784 2333 1800 2358 7
1815 2326 1887 2358 and
1903 2326 2015 2358 hence

513 2381 695 2423 preferred
711 2382 759 2421 by
776 2389 874 2412 some
893 2380 1038 2418 editors,
1060 2380 1088 2411 is
1104 2380 1451 2420 palaeographically
1469 2383 1533 2412 not
1556 2390 1595 2412 so
1619 2390 1702 2421 easy
1727 2390 1766 2412 as
1788 2381 1848 2412 the
1872 2381 2014 2422 equally
2051 2384 2055 2389 ”

513 2437 741 2476 satisfactory
770 2435 848 2467 ‘sed
873 2436 924 2467 ita
947 2436 1005 2466 ut’
1032 2434 1371 2478 (disserimusz’taut).
1424 2436 1470 2468 So
1494 2444 1523 2467 e.
1541 2445 1572 2476 g.
1595 2435 1667 2467 Cic.
1688 2435 1732 2467 de
1756 2435 1814 2467 off.
1837 2436 1874 2467 II
1898 2436 1950 2475 18,
1971 2436 2014 2468 64

514 2492 678 2524 habenda
701 2491 793 2523 ratio
818 2494 872 2522 est
887 2490 939 2521 rei
964 2489 1152 2522 familiaris
1175 2490 1233 2521 sed
1258 2491 1308 2522 ita
1331 2491 1369 2521 ut
1394 2490 1643 2522 illiberalitatis
1666 2491 1906 2531 avaritiaeque
1922 2491 2015 2523 absit

512 2547 676 2587 suspicio.

480 2613 532 2651 10
564 2613 726 2662 copiose
751 2615 792 2651 et
815 2612 934 2651 varie
958 2614 1000 2651 et
1024 2613 1190 2650 ornate:
1223 2611 1284 2650 Cf.
1311 2610 1393 2650 Cic.
1418 2611 1530 2650 Orat.
1554 2612 1591 2659 9,
1614 2612 1666 2650 29
1688 2615 1833 2650 ornate
1853 2624 1951 2650 vero
1971 2615 2014 2650 et

424 2679 609 2729 graviter
644 2682 686 2716 et
721 2677 885 2728 copiose
921 2677 1057 2715 dicere
1110 2677 1176 2724 33,
1209 2677 1288 2715 118
1320 2677 1370 2715 de
1401 2680 1502 2715 orat.
1535 2677 1557 2714 I
1587 2677 1652 2725 11,
1683 2678 1735 2716 48
1771 2677 2010 2728 composite,

425 2749 581 2792 ornate,
599 2743 765 2794 copiose
786 2742 903 2793 loqui
943 2743 1008 2791 13,
1027 2743 1079 2781 59
1101 2746 1306 2780 oratorem
1328 2742 1499 2792 plenum
1523 2746 1647 2793 atque
1668 2743 1902 2793 perfectum
1922 2755 2012 2782 esse

425 2824 518 2849 eum
541 2810 614 2861 qui
635 2810 685 2848 de
706 2809 898 2848 omnibus
920 2809 1041 2846 rebus
1063 2807 1198 2858 possit
1219 2807 1384 2858 copiose
1405 2808 1602 2858 varieque
1623 2808 1771 2847 dicere.

482 2877 532 2914 12
564 2877 901 2927 pravitatemque
939 2875 1164 2914 vitiorum:
1215 2874 1302 2912 The
1342 2874 1587 2924 expression
1627 2874 1663 2912 is
1703 2877 1777 2913 not
1814 2874 2009 2925 properly

425 2941 693 2981 antithetical
714 2944 757 2979 to
778 2940 861 2977 vim
882 2939 1091 2986 virtutum,
1110 2937 1119 2953 ³
1132 2938 1216 2976 vis'
1238 2938 1365 2988 being
1385 2939 1495 2987 here,
1515 2952 1559 2978 as
1581 2940 1710 2988 often,
1729 2952 2011 2991 synonymous
