2262 3224
795 189 1174 224 PROLEGOMENA.
1750 177 1792 220 ci

183 306 203 341 1
223 306 258 349 8,
276 306 299 341 8
321 306 444 341 danda
467 309 523 340 est
545 309 670 340 tamen
695 307 863 340 omnibus
889 307 950 350 (sc.

227 363 362 407 pueris)
395 362 517 404 aliqua.
546 362 709 395 remissio
740 364 825 404 quia
855 364 956 398 nulla

228 428 287 453 res
316 423 372 453 est
403 428 496 462 quae
530 419 691 461 perferre
724 422 838 464 possit
872 431 955 455 con-

1023 317 1052 341 o.
1082 307 1123 340 13
1151 308 1246 350 ψυχὴ
1273 308 1340 340 τοῖς
1366 308 1424 346 μὲν
1450 307 1638 348 συμμέτροις
1665 302 1793 345 αὔξεται

1067 364 1184 404 πόνοις,
1202 364 1269 396 τοῖς
1285 359 1316 395 δ’
1331 363 1571 404 ὑπερβάλλουσι
1585 363 1791 403 βαπτίζεται.

1067 422 1187 455 Δοτέον
1212 421 1267 452 οὖν
1296 421 1363 452 τοῖς
1389 421 1504 452 παισὶν
1531 420 1697 460 ἀναπνοὴν
1726 422 1795 453 τῶν

226 478 372 512 tinuum
394 477 556 511 laborem
579 481 647 511 etc.
1067 480 1216 520 συνεχῶν
1235 477 1342 510 πόνων
1357 502 1366 511 .
1387 502 1395 510 .
1417 501 1426 510 .
1446 479 1510 510 πᾶς
1525 478 1543 510 ὀ
1557 479 1626 519 βίος
1647 479 1738 518 ἡμῶν
1752 479 1795 510 είς

1067 536 1175 568 ἄνεσιν
1190 537 1243 568 καὶ
1258 537 1405 575 σπουδὴν
1421 535 1581 577 διῄρηται.

182 637 203 671 Ῑ
225 637 258 679 1,
276 637 320 671 36
343 647 431 672 nm
446 640 484 671 et
498 636 658 671 maxime
679 635 881 669 necessaria
901 638 956 668 est
1023 636 1108 669 ibid.
1139 638 1279 669 Πάντων
1302 638 1338 669 δέ
1357 650 1409 676 μοι
1429 637 1576 677 μάλιστα
1592 637 1655 676 τὴν
1668 636 1798 675 μνήμην

228 716 238 727 ·
259 717 267 727 .
289 718 297 727 .
317 694 493 727 memoria
508 696 545 726 et
561 702 605 726 ea
623 693 814 735 praecipue
835 692 956 725 firma-
1068 694 1137 725 τῶν
1151 694 1277 725 παίδων
1293 694 1403 725 ἀσκεῖν
1417 694 1470 725 καὶ
1486 693 1657 732 συνεθίζειν
1673 690 1795 724 κτλ.2οο

227 752 289 783 tur
303 753 412 791 atque
427 749 538 783 alitur
552 749 812 782 exercitatione
828 751 895 781 etc.

238 850 347 889 Now
385 849 459 889 the
499 849 705 900 Dialogus
740 849 787 888 of
825 837 997 888 Tacitus
1038 848 1230 889 contains
1265 861 1291 888 a
1322 849 1499 888 number
1538 848 1584 887 of
1622 847 1794 900 equally

183 916 370 968 striking
389 916 680 957 coincidences
701 915 808 955 with
828 928 1027 967 passages
1049 915 1095 954 in
1115 915 1187 955 the
1208 916 1277 954 Ps.
1298 915 1585 955 Plutarchean
1604 914 1791 954 treatise.

183 984 229 1024 It
256 984 471 1024 therefore
500 983 670 1023 follows
700 983 796 1022 that
820 983 873 1022 he
894 986 965 1022 too
986 983 1022 1022 is
1042 983 1287 1034 ultimately
1308 983 1511 1022 indebted
1530 986 1575 1021 to
1596 981 1796 1034 Chrysip-

182 1051 273 1104 pos'
305 1051 404 1104 Περὶ
434 1051 575 1092 παίδων
606 1053 768 1104 ἀγωγῆς,
802 1050 875 1090 the
909 1063 1086 1089 common
1117 1062 1263 1089 source
1295 1049 1342 1088 of
1371 1050 1441 1089 Ps.
1478 1049 1680 1088 Plutarch
1711 1048 1796 1088 and

183 1117 423 1165 Quintilian
439 1131 447 1157 :

183 1226 214 1253 ο.
242 1219 264 1252 5
294 1220 354 1252 Δεῖ
378 1220 414 1251 δὲ
434 1243 442 1252 .
463 1242 472 1252 .
493 1243 503 1252 .
522 1219 621 1251 αὐτὰς
651 1219 711 1251 τὰς
740 1219 882 1259 μητέρας
911 1219 956 1250 τὰ

227 1275 326 1308 τέκνα
350 1275 479 1316 τρέφειν
502 1275 555 1306 καὶ
578 1275 701 1307 τούτοις
721 1275 794 1306 τοὺς
816 1275 956 1313 μαστοὺς

229 1331 372 1372 ὑπέχειν.
402 1330 666 1371 συμπαθέστερόν
677 1342 714 1362 τε
725 1331 792 1371 ’γὰρ
805 1331 957 1372 θρέψουσι

229 1388 283 1420 καὶ
299 1388 352 1420 διὰ
367 1387 512 1419 πλείονος
528 1387 711 1426 έπιμέλειας
724 1384 766 1419 ὥς
779 1387 819 1418 ἂν
833 1385 958 1418 ἔνδοθεν

229 1467 239 1476 .
259 1466 270 1476 .
289 1467 298 1476 .
319 1443 498 1483 ἀγαπῶσαι
518 1443 563 1475 τὰ
584 1443 692 1475 τέκνα.
744 1444 776 1474 al
794 1443 903 1474 τίτθαι
922 1443 957 1473 δέ

229 1500 283 1532 καὶ
305 1500 339 1532 αἱ
362 1500 478 1540 τροφοὶ
501 1500 565 1539 τὴν
583 1495 707 1531 εὔνοιαν
724 1498 958 1539 ὑποβολιμαίαν

230 1579 239 1588 .
260 1579 268 1588 .
289 1578 299 1588 .
318 1554 462 1596 ἔχουσιν,
483 1556 542 1587 ἅτε
555 1556 669 1595 μισθοῦ
685 1556 848 1595 φιλοῦσαι.

206 1680 215 1689 .
235 1655 256 1688 5
279 1656 425 1696 μάλιστα
449 1656 509 1695 μὲν
531 1648 596 1696 οὖν,
625 1657 706 1697 ἅπερ
730 1655 825 1695 ἔφην,
852 1656 957 1686 ταῦτα

230 1713 422 1753 πειραστέον
430 1713 475 1744 τὰ
486 1713 582 1744 τέκνα
592 1713 721 1753 τρέφειν
731 1713 790 1743 τὰς
801 1712 940 1751 μητέρας
949 1722 958 1730 ·

229 1768 259 1799 εί
278 1764 309 1799 δ’
329 1764 382 1808 ἄρ’
403 1769 567 1801 ἀδυνάτως
583 1769 690 1808 έχοῖεν
707 1792 714 1799 .
737 1792 744 1801 .
766 1791 773 1799 .
796 1767 884 1799 ἀλλὰ.
899 1767 958 1798 τάς

229 1834 270 1863 ’γε
292 1824 405 1856 τίτθας
428 1825 481 1856 καὶ
506 1823 642 1865 τρόφους
665 1825 701 1856 οὐ
717 1825 776 1856 τὰς
795 1823 958 1863 τυχούσας

231 1875 304 1912 ἀλλ’
339 1877 382 1912 ὥς
411 1878 458 1911 ἔνι
487 1881 634 1919 μάλιστα
665 1881 843 1912 σπουδαίας
878 1880 958 1911 δοκι-

229 1936 375 1975 μαστέον
390 1936 474 1967 έστί.

208 2059 217 2069 .
234 2035 253 2068 7
271 2037 340 2068 ἐπεὶ
359 2036 412 2068 νῦν
426 2046 467 2075 ’γε
481 2037 520 2068 τὸ
535 2035 698 2075 ’γινόμενον
716 2037 851 2068 πολλοῖς
867 2036 960 2076 ὑπερ-

232 2091 486 2131 καταγέλαστόν
500 2093 583 2124 έστι.
604 2116 612 2124 .
634 2117 642 2126 .
663 2116 671 2124 .
692 2093 743 2123 ὅτι
759 2088 788 2123 δ’
810 2093 850 2123 ἂν
866 2086 960 2132 εἴρω-

232 2159 285 2180 σιν
308 2149 508 2189 ἀνδράποδον
532 2149 726 2187 οἰνολήπτον
751 2149 804 2180 καὶ
829 2148 956 2188 λίχνον,

232 2204 310 2245 πρὸς
325 2205 438 2236 πᾶσαν
453 2205 681 2245 πραγματείαν
692 2205 873 2245 ἄχρηστον,
888 2205 959 2235 τού-

232 2270 281 2300 τῳ
296 2259 445 2301 φέροντες
462 2259 685 2300 ὑποβάλλουσι
700 2260 772 2292 τούς
788 2260 878 2292 υίούς.

210 2439 219 2449 .
236 2415 257 2448 5
281 2413 468 2448 εὔπλαστον
481 2417 548 2457 ’γὰρ
564 2417 616 2448 καὶ
633 2416 730 2456 ὑγρὸν
745 2417 766 2455 ἡ
785 2416 890 2455 νεότης
907 2417 959 2448 καὶ

233 2473 305 2505 ταῖς
315 2473 439 2504 τούτων
449 2473 572 2514 ψυχαῖς
584 2470 728 2504 ἁπαλαῖς
743 2471 793 2504 ἔτι
808 2474 852 2503 τὰ
863 2473 960 2511 μαθή-

233 2539 322 2567 ματα
338 2528 506 2567 ἐντήκεται
523 2552 530 2560 .
553 2552 560 2560 .
583 2552 590 2560 .
609 2529 641 2559 αί
658 2529 809 2567 μαθήσεις
825 2529 896 2560 ταῖς
910 2526 961 2559 ἔτι

234 2584 372 2615 παιδίων
386 2585 510 2624 ψυχαῖς
522 2585 799 2615 ἐναποτυποῦνται
811 2608 818 2615 .
835 2608 841 2615 .
858 2608 866 2616 .
879 2585 960 2622 μηδὲ

234 2639 307 2671 τοὺς
319 2638 482 2679 τυχόντας
493 2640 604 2677 μύθους
616 2641 682 2671 τοῖς
694 2640 830 2671 παιδίοις
843 2640 959 2678 λέγειν.

237 2693 300 2735 Cp.
321 2693 397 2726 also
414 2693 536 2734 Quint.
557 2694 575 2726 I
594 2695 625 2734 1,
646 2695 676 2727 5.
696 2695 747 2727 11.

1023 1227 1053 1250 e.
1074 1218 1118 1250 28
1139 1223 1173 1249 13
1193 1217 1230 1250 ff.
1262 1227 1347 1250 nam
1379 1217 1519 1258 pridem
1549 1226 1636 1249 suus
1666 1217 1795 1258 cuique

1068 1273 1163 1306 filius
1187 1298 1195 1306 .
1225 1298 1232 1306 .
1262 1298 1269 1306 .
1298 1282 1373 1305 non
1409 1273 1447 1305 in
1486 1272 1616 1305 cellula
1653 1276 1796 1313 emptae

1067 1329 1219 1362 nutricis
1263 1329 1327 1362 sed
1370 1329 1408 1361 in
1451 1329 1587 1371 gremio
1630 1338 1671 1361 ac
1714 1329 1797 1361 sinu

1067 1386 1193 1418 matris
1217 1385 1451 1426 educabatur,
1478 1386 1580 1418 cuius
1603 1385 1797 1427 praecipua

1067 1441 1146 1474 laus
1171 1445 1250 1474 erat
1274 1442 1368 1474 tueri
1391 1442 1541 1474 domum
1564 1445 1601 1474 et
1624 1441 1796 1474 inservire

1068 1497 1199 1530 liberis.

1046 1679 1054 1687 .
1075 1655 1118 1687 28
1140 1661 1173 1687 16
1204 1658 1267 1687 aut
1299 1655 1499 1696 eligebatur
1529 1655 1645 1687 maior
1676 1654 1797 1695 aliqua

1069 1715 1159 1743 natu
1175 1711 1378 1752 propinqua
1394 1711 1496 1743 cuius
1516 1711 1678 1752 probatis
1698 1719 1798 1752 spec-

1069 1767 1225 1808 tatisque
1258 1767 1418 1799 moribus
1440 1792 1447 1799 .
1471 1792 1478 1799 .
1500 1791 1507 1800 .
1528 1766 1671 1799 suboles
1702 1775 1798 1799 com-

1070 1823 1274 1855 mitteretur

1048 2061 1056 2068 .
1077 2036 1120 2068 29
1133 2041 1147 2067 1
1172 2035 1224 2067 At
1240 2045 1336 2068 nunc
1352 2039 1461 2067 natus
1476 2034 1598 2067 infans
1613 2034 1799 2076 delegatur

1073 2091 1270 2124 Graeculae
1310 2091 1418 2123 alicui
1456 2091 1608 2123 ancillae
1643 2090 1702 2123 cui
1737 2090 1799 2122 ad-

1072 2147 1233 2188 iungitur
1255 2156 1350 2179 unus
1374 2150 1437 2179 aut
1460 2146 1552 2179 alter
1568 2156 1613 2178 ex
1632 2146 1799 2179 omnibus

1071 2203 1183 2235 servis
1206 2203 1417 2244 plerumque
1435 2202 1627 2235 vilissimus
1642 2211 1709 2235 nec
1725 2202 1800 2234 cui-

1073 2268 1182 2300 quam
1205 2259 1297 2291 serio
1321 2258 1522 2291 ministerio
1546 2258 1799 2291 adcommoda-

1072 2318 1132 2347 tus

1050 2441 1057 2448 .
1078 2416 1122 2447 29
1133 2422 1150 2447 3
1174 2416 1303 2447 horum
1320 2415 1453 2447 fabulis
1469 2419 1505 2447 et
1521 2415 1701 2447 erroribus
1717 2414 1800 2446 viri-

1073 2471 1136 2503 des
1166 2471 1288 2504 statim
1320 2474 1357 2503 et
1387 2470 1503 2503 teneri
1538 2470 1650 2503 animi
1685 2471 1800 2502 imbu-

1072 2531 1185 2559 untur
1203 2536 1269 2559 nec
1290 2527 1477 2568 quisquam
1497 2551 1504 2559 .
1523 2551 1530 2559 .
1549 2551 1556 2559 .
1573 2526 1676 2567 pensi
1691 2526 1800 2558 habet

1074 2582 1160 2624 quid
1177 2592 1297 2615 coram
1314 2582 1454 2615 infante
1467 2582 1614 2614 domino
1627 2585 1691 2615 aut
1703 2582 1801 2615 dicat

1074 2642 1137 2671 aut
1153 2638 1273 2671 faciat.

250 2804 295 2827 ²⁰⁰
309 2805 426 2837 There
450 2815 510 2838 are
535 2806 639 2838 other
661 2809 778 2838 traces
794 2806 832 2838 of
850 2806 1097 2848 Chrysippean
1122 2806 1300 2839 influenee
1320 2806 1357 2838 in
1374 2806 1446 2838 this
1462 2806 1619 2846 treaffise,
1638 2806 1755 2838 which
1772 2806 1801 2838 it

191 2860 313 2893 would
328 2861 373 2893 be
390 2861 585 2894 irrelevant
600 2862 658 2894 for
674 2871 736 2903 my
752 2866 898 2903 present
913 2872 1067 2903 purpose
1091 2866 1129 2894 to
1153 2866 1372 2894 enumerate.
1425 2862 1504 2903 Cp.‚
1522 2862 1701 2902 however,
1721 2871 1750 2894 e.
1764 2872 1795 2904 g.

192 2924 221 2948 c.
242 2916 263 2948 4
280 2916 357 2948 init.
379 2917 466 2949 with
482 2917 576 2950 Plut.
597 2918 651 2949 De
670 2918 777 2950 Stoic.
798 2927 946 2959 repugn.
968 2928 1002 2959 p.
1026 2918 1111 2951 1033
1131 2918 1365 2960 (Chrysippos
1383 2920 1461 2959 Περὶ
1477 2919 1583 2961 βίων).
