<?xml version="1.0" encoding="UTF-8"?>
<!DOCTYPE html PUBLIC "-//W3C//DTD XHTML 1.0 Transitional//EN"
    "http://www.w3.org/TR/xhtml1/DTD/xhtml1-transitional.dtd">
<html xmlns="http://www.w3.org/1999/xhtml" xml:lang="en" lang="en">
 <head>
  <title>
</title>
<meta http-equiv="Content-Type" content="text/html;charset=utf-8" />
  <meta name='ocr-system' content='tesseract 3.04.00' />
  <meta name='ocr-capabilities' content='ocr_page ocr_carea ocr_par ocr_line ocrx_word'/>
</head>
<body>
  <div class='ocr_page' id='page_1' title='image "./dialogusdeorator00taciuoft_0476.png"; bbox 0 0 2262 3224; ppageno 0'>
   <div class='ocr_carea' id='block_1_1' title="bbox 393 227 1270 271">
    <p class='ocr_par' dir='ltr' id='par_1_1' title="bbox 393 227 1270 271">
     <span class='ocr_line' id='line_1_1' title="bbox 393 227 1270 271; baseline 0.003 -3"><span class='ocrx_word' id='word_1_1' title='bbox 393 227 479 268; x_wconf 84' lang='lat'>332</span> <span class='ocrx_word' id='word_1_2' title='bbox 815 244 818 248; x_wconf 91' lang='lat'><em>·</em></span> <span class='ocrx_word' id='word_1_3' title='bbox 1107 238 1270 271; x_wconf 81' lang='lat' dir='ltr'>NorEs.</span> 
     </span>
    </p>
   </div>
   <div class='ocr_carea' id='block_1_2' title="bbox 382 353 1982 2978">
    <p class='ocr_par' dir='ltr' id='par_1_2' title="bbox 390 353 1982 802">
     <span class='ocr_line' id='line_1_2' title="bbox 448 353 1979 410; baseline 0.005 -18"><span class='ocrx_word' id='word_1_4' title='bbox 448 353 501 391; x_wconf 87' lang='grc'>14</span> <span class='ocrx_word' id='word_1_5' title='bbox 531 355 747 405; x_wconf 84' lang='lat' dir='ltr'>tamquam</span> <span class='ocrx_word' id='word_1_6' title='bbox 770 353 898 405; x_wconf 80' lang='lat' dir='ltr'>plane</span> <span class='ocrx_word' id='word_1_7' title='bbox 921 354 1121 396; x_wconf 80' lang='lat' dir='ltr'>leviores:</span> <span class='ocrx_word' id='word_1_8' title='bbox 1163 354 1226 395; x_wconf 87' lang='lat' dir='ltr'>Cf.</span> <span class='ocrx_word' id='word_1_9' title='bbox 1250 354 1390 401; x_wconf 86' lang='lat' dir='ltr'>Quint.</span> <span class='ocrx_word' id='word_1_10' title='bbox 1414 355 1461 394; x_wconf 91' lang='lat' dir='ltr'>II</span> <span class='ocrx_word' id='word_1_11' title='bbox 1482 354 1519 404; x_wconf 87' lang='lat'>1,</span> <span class='ocrx_word' id='word_1_12' title='bbox 1539 356 1564 394; x_wconf 90' lang='grc'>2</span> <span class='ocrx_word' id='word_1_13' title='bbox 1585 356 1639 395; x_wconf 88' lang='lat' dir='ltr'>ad</span> <span class='ocrx_word' id='word_1_14' title='bbox 1658 364 1979 410; x_wconf 72' lang='lat' dir='ltr'>prosopopoeias</span> 
     </span>
     <span class='ocr_line' id='line_1_3' title="bbox 390 419 1978 475; baseline 0.004 -18"><span class='ocrx_word' id='word_1_15' title='bbox 390 432 523 470; x_wconf 90' lang='lat' dir='ltr'>usque</span> <span class='ocrx_word' id='word_1_16' title='bbox 554 423 596 458; x_wconf 84' lang='lat' dir='ltr'>et</span> <span class='ocrx_word' id='word_1_17' title='bbox 625 420 679 458; x_wconf 88' lang='lat' dir='ltr'>ad</span> <span class='ocrx_word' id='word_1_18' title='bbox 709 419 929 469; x_wconf 86' lang='lat' dir='ltr'>suasorias,</span> <span class='ocrx_word' id='word_1_19' title='bbox 959 420 1004 458; x_wconf 91' lang='lat' dir='ltr'>in</span> <span class='ocrx_word' id='word_1_20' title='bbox 1035 420 1185 471; x_wconf 90' lang='lat' dir='ltr'>quibus</span> <span class='ocrx_word' id='word_1_21' title='bbox 1217 433 1320 459; x_wconf 92' lang='lat' dir='ltr'>onus</span> <span class='ocrx_word' id='word_1_22' title='bbox 1351 421 1517 460; x_wconf 89' lang='lat' dir='ltr'>dicendi</span> <span class='ocrx_word' id='word_1_23' title='bbox 1546 422 1614 460; x_wconf 91' lang='lat' dir='ltr'>vel</span> <span class='ocrx_word' id='word_1_24' title='bbox 1644 423 1871 463; x_wconf 83' lang='lat' dir='ltr'>maximum</span> <span class='ocrx_word' id='word_1_25' title='bbox 1901 429 1978 475; x_wconf 87' lang='lat' dir='ltr'>est,</span> 
     </span>
     <span class='ocr_line' id='line_1_4' title="bbox 391 485 1980 540; baseline 0.005 -17"><span class='ocrx_word' id='word_1_26' title='bbox 391 486 638 537; x_wconf 88' lang='lat' dir='ltr'>inrumpunt</span> <span class='ocrx_word' id='word_1_27' title='bbox 660 516 667 524; x_wconf 95' lang='lat'>.</span> <span class='ocrx_word' id='word_1_28' title='bbox 692 516 701 525; x_wconf 91' lang='lat'>.</span> <span class='ocrx_word' id='word_1_29' title='bbox 725 516 733 524; x_wconf 93' lang='lat'>.</span> <span class='ocrx_word' id='word_1_30' title='bbox 755 485 854 525; x_wconf 89' lang='lat' dir='ltr'>hinc</span> <span class='ocrx_word' id='word_1_31' title='bbox 876 499 973 537; x_wconf 88' lang='lat' dir='ltr'>ergo</span> <span class='ocrx_word' id='word_1_32' title='bbox 994 487 1148 526; x_wconf 87' lang='lat' dir='ltr'>accidit</span> <span class='ocrx_word' id='word_1_33' title='bbox 1169 491 1227 536; x_wconf 90' lang='lat' dir='ltr'>ut,</span> <span class='ocrx_word' id='word_1_34' title='bbox 1251 501 1356 538; x_wconf 89' lang='lat' dir='ltr'>quae</span> <span class='ocrx_word' id='word_1_35' title='bbox 1385 488 1558 527; x_wconf 92' lang='lat' dir='ltr'>alterius</span> <span class='ocrx_word' id='word_1_36' title='bbox 1580 489 1683 528; x_wconf 88' lang='lat' dir='ltr'>artis</span> <span class='ocrx_word' id='word_1_37' title='bbox 1705 490 1841 540; x_wconf 90' lang='lat' dir='ltr'>prima</span> <span class='ocrx_word' id='word_1_38' title='bbox 1855 495 1980 531; x_wconf 85' lang='lat' dir='ltr'>erant</span> 
     </span>
     <span class='ocr_line' id='line_1_5' title="bbox 391 552 1982 603; baseline 0.004 -13"><span class='ocrx_word' id='word_1_39' title='bbox 391 566 529 603; x_wconf 86' lang='lat' dir='ltr'>opera,</span> <span class='ocrx_word' id='word_1_40' title='bbox 553 552 668 591; x_wconf 86' lang='lat' dir='ltr'>facta</span> <span class='ocrx_word' id='word_1_41' title='bbox 696 553 782 591; x_wconf 91' lang='lat' dir='ltr'>sint</span> <span class='ocrx_word' id='word_1_42' title='bbox 812 553 986 592; x_wconf 88' lang='lat' dir='ltr'>alterius</span> <span class='ocrx_word' id='word_1_43' title='bbox 1017 554 1261 603; x_wconf 76' lang='lat' dir='ltr'>novissima,</span> <span class='ocrx_word' id='word_1_44' title='bbox 1280 558 1322 593; x_wconf 91' lang='lat' dir='ltr'>et</span> <span class='ocrx_word' id='word_1_45' title='bbox 1352 559 1467 594; x_wconf 88' lang='lat' dir='ltr'>aetas</span> <span class='ocrx_word' id='word_1_46' title='bbox 1497 555 1580 594; x_wconf 89' lang='lat' dir='ltr'>iam</span> <span class='ocrx_word' id='word_1_47' title='bbox 1610 557 1829 596; x_wconf 74' lang='lat' dir='ltr'>altioribus</span> <span class='ocrx_word' id='word_1_48' title='bbox 1860 558 1982 598; x_wconf 87' lang='lat' dir='ltr'>disci-</span> 
     </span>
     <span class='ocr_line' id='line_1_6' title="bbox 391 619 1979 671; baseline 0.004 -14"><span class='ocrx_word' id='word_1_49' title='bbox 391 619 520 670; x_wconf 91' lang='lat' dir='ltr'>plinis</span> <span class='ocrx_word' id='word_1_50' title='bbox 544 619 686 658; x_wconf 87' lang='lat' dir='ltr'>debita</span> <span class='ocrx_word' id='word_1_51' title='bbox 705 619 750 657; x_wconf 90' lang='lat' dir='ltr'>in</span> <span class='ocrx_word' id='word_1_52' title='bbox 771 620 913 659; x_wconf 88' lang='lat' dir='ltr'>schola</span> <span class='ocrx_word' id='word_1_53' title='bbox 932 620 1092 659; x_wconf 90' lang='lat' dir='ltr'>minore</span> <span class='ocrx_word' id='word_1_54' title='bbox 1118 620 1610 671; x_wconf 69' lang='lat' dir='ltr'>subsidat—tamquam</span> <span class='ocrx_word' id='word_1_55' title='bbox 1639 622 1876 663; x_wconf 76' lang='lat' dir='ltr'>introduces</span> <span class='ocrx_word' id='word_1_56' title='bbox 1906 624 1979 663; x_wconf 89' lang='lat' dir='ltr'>the</span> 
     </span>
     <span class='ocr_line' id='line_1_7' title="bbox 391 685 1980 738; baseline 0.004 -15"><span class='ocrx_word' id='word_1_57' title='bbox 391 686 564 736; x_wconf 88' lang='lat' dir='ltr'>opinion</span> <span class='ocrx_word' id='word_1_58' title='bbox 584 685 630 724; x_wconf 86' lang='lat' dir='ltr'>of</span> <span class='ocrx_word' id='word_1_59' title='bbox 652 685 726 724; x_wconf 91' lang='lat' dir='ltr'>the</span> <span class='ocrx_word' id='word_1_60' title='bbox 746 685 1034 724; x_wconf 88' lang='lat' dir='ltr'>rhetoricians.</span> <span class='ocrx_word' id='word_1_61' title='bbox 1095 687 1167 736; x_wconf 88' lang='lat' dir='ltr'>Cp.</span> <span class='ocrx_word' id='word_1_62' title='bbox 1190 690 1288 724; x_wconf 90' lang='lat' dir='ltr'>note</span> <span class='ocrx_word' id='word_1_63' title='bbox 1310 699 1342 725; x_wconf 90' lang='lat' dir='ltr'>c.</span> <span class='ocrx_word' id='word_1_64' title='bbox 1365 687 1390 724; x_wconf 87' lang='grc'>2</span> <span class='ocrx_word' id='word_1_65' title='bbox 1415 687 1590 726; x_wconf 84' lang='lat' dir='ltr'>2.—On</span> <span class='ocrx_word' id='word_1_66' title='bbox 1602 689 1731 738; x_wconf 78' lang='lat' dir='ltr'>plane</span> <span class='ocrx_word' id='word_1_67' title='bbox 1750 689 1856 728; x_wconf 90' lang='lat' dir='ltr'>with</span> <span class='ocrx_word' id='word_1_68' title='bbox 1875 702 1980 729; x_wconf 93' lang='lat' dir='ltr'>com-</span> 
     </span>
     <span class='ocr_line' id='line_1_8' title="bbox 390 751 987 802; baseline -0.002 -12"><span class='ocrx_word' id='word_1_69' title='bbox 390 751 593 802; x_wconf 91' lang='lat' dir='ltr'>parative,</span> <span class='ocrx_word' id='word_1_70' title='bbox 616 764 684 790; x_wconf 90' lang='lat' dir='ltr'>see</span> <span class='ocrx_word' id='word_1_71' title='bbox 705 755 802 790; x_wconf 90' lang='lat' dir='ltr'>note</span> <span class='ocrx_word' id='word_1_72' title='bbox 823 764 855 790; x_wconf 93' lang='lat' dir='ltr'>c.</span> <span class='ocrx_word' id='word_1_73' title='bbox 878 752 931 790; x_wconf 83' lang='grc'>27</span> <span class='ocrx_word' id='word_1_74' title='bbox 955 757 987 789; x_wconf 87' lang='grc'>4.</span> 
     </span>
    </p>

    <p class='ocr_par' dir='ltr' id='par_1_3' title="bbox 390 817 1982 1268">
     <span class='ocr_line' id='line_1_9' title="bbox 447 817 1979 870; baseline 0.003 -14"><span class='ocrx_word' id='word_1_75' title='bbox 447 818 499 856; x_wconf 90' lang='grc'>15</span> <span class='ocrx_word' id='word_1_76' title='bbox 530 818 856 858; x_wconf 84' lang='lat' dir='ltr'><strong>robustioribus:</strong></span> <span class='ocrx_word' id='word_1_77' title='bbox 889 817 1025 856; x_wconf 74' lang='lat' dir='ltr'>‘more</span> <span class='ocrx_word' id='word_1_78' title='bbox 1059 818 1248 867; x_wconf 81' lang='lat' dir='ltr'>mature,’</span> <span class='ocrx_word' id='word_1_79' title='bbox 1280 820 1466 869; x_wconf 83' lang='lat' dir='ltr'>opposed</span> <span class='ocrx_word' id='word_1_80' title='bbox 1495 823 1540 858; x_wconf 92' lang='lat' dir='ltr'>to</span> <span class='ocrx_word' id='word_1_81' title='bbox 1570 820 1738 870; x_wconf 54' lang='lat' dir='ltr'>‘pueris</span> <span class='ocrx_word' id='word_1_82' title='bbox 1797 822 1878 860; x_wconf 88' lang='lat' dir='ltr'>For</span> <span class='ocrx_word' id='word_1_83' title='bbox 1906 822 1979 861; x_wconf 88' lang='lat' dir='ltr'>the</span> 
     </span>
     <span class='ocr_line' id='line_1_10' title="bbox 391 884 1982 937; baseline 0.003 -15"><span class='ocrx_word' id='word_1_84' title='bbox 391 897 504 923; x_wconf 89' lang='lat' dir='ltr'>same</span> <span class='ocrx_word' id='word_1_85' title='bbox 525 884 746 934; x_wconf 87' lang='lat' dir='ltr'>figurative</span> <span class='ocrx_word' id='word_1_86' title='bbox 768 896 888 922; x_wconf 89' lang='lat' dir='ltr'>sense</span> <span class='ocrx_word' id='word_1_87' title='bbox 909 884 956 922; x_wconf 85' lang='lat' dir='ltr'>of</span> <span class='ocrx_word' id='word_1_88' title='bbox 977 884 1050 922; x_wconf 89' lang='lat' dir='ltr'>the</span> <span class='ocrx_word' id='word_1_89' title='bbox 1071 885 1197 934; x_wconf 88' lang='lat' dir='ltr'>word,</span> <span class='ocrx_word' id='word_1_90' title='bbox 1221 884 1273 923; x_wconf 84' lang='lat' dir='ltr'>cf.</span> <span class='ocrx_word' id='word_1_91' title='bbox 1300 885 1347 924; x_wconf 88' lang='lat' dir='ltr'>G.</span> <span class='ocrx_word' id='word_1_92' title='bbox 1372 885 1425 924; x_wconf 87' lang='grc'>13</span> <span class='ocrx_word' id='word_1_93' title='bbox 1455 898 1605 935; x_wconf 88' lang='lat' dir='ltr'>magna</span> <span class='ocrx_word' id='word_1_94' title='bbox 1634 890 1801 937; x_wconf 88' lang='lat' dir='ltr'>patrum</span> <span class='ocrx_word' id='word_1_95' title='bbox 1830 888 1982 927; x_wconf 78' lang='lat' dir='ltr'>merita.</span> 
     </span>
     <span class='ocr_line' id='line_1_11' title="bbox 390 949 1982 1001; baseline 0.003 -13"><span class='ocrx_word' id='word_1_96' title='bbox 390 950 596 1001; x_wconf 87' lang='lat' dir='ltr'>principis</span> <span class='ocrx_word' id='word_1_97' title='bbox 618 949 904 1000; x_wconf 84' lang='lat' dir='ltr'>dignationem</span> <span class='ocrx_word' id='word_1_98' title='bbox 925 950 1052 988; x_wconf 90' lang='lat' dir='ltr'>etiam</span> <span class='ocrx_word' id='word_1_99' title='bbox 1073 951 1386 989; x_wconf 76' lang='lat' dir='ltr'>adulescentulis</span> <span class='ocrx_word' id='word_1_100' title='bbox 1407 951 1648 1001; x_wconf 70' lang='lat' dir='ltr'>adsifflzaut:</span> <span class='ocrx_word' id='word_1_101' title='bbox 1669 953 1797 991; x_wconf 88' lang='lat' dir='ltr'>ceteri</span> <span class='ocrx_word' id='word_1_102' title='bbox 1818 954 1982 993; x_wconf 80' lang='lat' dir='ltr'>robusti-</span> 
     </span>
     <span class='ocr_line' id='line_1_12' title="bbox 390 1015 1980 1071; baseline 0.003 -17"><span class='ocrx_word' id='word_1_103' title='bbox 390 1017 521 1054; x_wconf 80' lang='lat' dir='ltr'>oribus</span> <span class='ocrx_word' id='word_1_104' title='bbox 550 1028 597 1054; x_wconf 90' lang='lat' dir='ltr'>ac</span> <span class='ocrx_word' id='word_1_105' title='bbox 626 1016 710 1054; x_wconf 89' lang='lat' dir='ltr'>iam</span> <span class='ocrx_word' id='word_1_106' title='bbox 739 1015 903 1066; x_wconf 84' lang='lat' dir='ltr'>pridem</span> <span class='ocrx_word' id='word_1_107' title='bbox 937 1016 1124 1067; x_wconf 89' lang='lat' dir='ltr'>probatis</span> <span class='ocrx_word' id='word_1_108' title='bbox 1155 1017 1437 1067; x_wconf 87' lang='lat' dir='ltr'>adgregantur</span> <span class='ocrx_word' id='word_1_109' title='bbox 1476 1018 1558 1056; x_wconf 88' lang='lat' dir='ltr'>and</span> <span class='ocrx_word' id='word_1_110' title='bbox 1588 1031 1632 1056; x_wconf 93' lang='lat' dir='ltr'>so</span> <span class='ocrx_word' id='word_1_111' title='bbox 1663 1018 1906 1071; x_wconf 88' lang='lat' dir='ltr'>frequently</span> <span class='ocrx_word' id='word_1_112' title='bbox 1934 1019 1980 1058; x_wconf 91' lang='lat' dir='ltr'>in</span> 
     </span>
     <span class='ocr_line' id='line_1_13' title="bbox 391 1081 1981 1136; baseline 0.003 -17"><span class='ocrx_word' id='word_1_113' title='bbox 391 1082 532 1127; x_wconf 83' lang='lat' dir='ltr'>Quint.</span> <span class='ocrx_word' id='word_1_114' title='bbox 556 1095 589 1120; x_wconf 94' lang='lat' dir='ltr'>e.</span> <span class='ocrx_word' id='word_1_115' title='bbox 607 1095 643 1132; x_wconf 88' lang='lat' dir='ltr'>g.</span> <span class='ocrx_word' id='word_1_116' title='bbox 668 1082 690 1119; x_wconf 99' lang='grc' dir='ltr'>Ι</span> <span class='ocrx_word' id='word_1_117' title='bbox 712 1082 748 1130; x_wconf 91' lang='grc'>1,</span> <span class='ocrx_word' id='word_1_118' title='bbox 771 1082 795 1120; x_wconf 88' lang='grc'>8</span> <span class='ocrx_word' id='word_1_119' title='bbox 826 1081 967 1132; x_wconf 89' lang='lat' dir='ltr'>priora</span> <span class='ocrx_word' id='word_1_120' title='bbox 996 1082 1072 1120; x_wconf 89' lang='lat' dir='ltr'>illa</span> <span class='ocrx_word' id='word_1_121' title='bbox 1101 1083 1154 1120; x_wconf 90' lang='lat' dir='ltr'>ad</span> <span class='ocrx_word' id='word_1_122' title='bbox 1183 1095 1334 1133; x_wconf 89' lang='lat' dir='ltr'>pueros</span> <span class='ocrx_word' id='word_1_123' title='bbox 1370 1083 1514 1133; x_wconf 86' lang='lat' dir='ltr'>magis,</span> <span class='ocrx_word' id='word_1_124' title='bbox 1546 1084 1648 1123; x_wconf 92' lang='lat' dir='ltr'>haec</span> <span class='ocrx_word' id='word_1_125' title='bbox 1680 1086 1899 1136; x_wconf 83' lang='lat' dir='ltr'>sequentia</span> <span class='ocrx_word' id='word_1_126' title='bbox 1927 1086 1981 1125; x_wconf 86' lang='lat' dir='ltr'>ad</span> 
     </span>
     <span class='ocr_line' id='line_1_14' title="bbox 391 1148 1978 1199; baseline 0.003 -13"><span class='ocrx_word' id='word_1_127' title='bbox 391 1148 644 1186; x_wconf 84' lang='lat' dir='ltr'>robustiores</span> <span class='ocrx_word' id='word_1_128' title='bbox 666 1148 938 1198; x_wconf 90' lang='lat' dir='ltr'>pertinebunt</span> <span class='ocrx_word' id='word_1_129' title='bbox 981 1148 1023 1186; x_wconf 95' lang='lat' dir='ltr'><strong>X</strong></span> <span class='ocrx_word' id='word_1_130' title='bbox 1044 1148 1081 1196; x_wconf 88' lang='lat'>5,</span> <span class='ocrx_word' id='word_1_131' title='bbox 1104 1149 1128 1187; x_wconf 86' lang='lat'>1</span> <span class='ocrx_word' id='word_1_132' title='bbox 1159 1161 1382 1199; x_wconf 89' lang='lat' dir='ltr'>puerorum</span> <span class='ocrx_word' id='word_1_133' title='bbox 1405 1179 1412 1187; x_wconf 92' lang='lat'>.</span> <span class='ocrx_word' id='word_1_134' title='bbox 1436 1179 1443 1187; x_wconf 92' lang='lat'>.</span> <span class='ocrx_word' id='word_1_135' title='bbox 1469 1179 1476 1187; x_wconf 96' lang='lat'>.</span> <span class='ocrx_word' id='word_1_136' title='bbox 1499 1150 1804 1189; x_wconf 85' lang='lat' dir='ltr'>robustioribus</span> <span class='ocrx_word' id='word_1_137' title='bbox 1826 1151 1978 1191; x_wconf 87' lang='lat' dir='ltr'>studiis</span> 
     </span>
     <span class='ocr_line' id='line_1_15' title="bbox 394 1213 1113 1268; baseline 0.001 -17"><span class='ocrx_word' id='word_1_138' title='bbox 394 1214 464 1268; x_wconf 81' lang='lat' dir='ltr'>(cf.</span> <span class='ocrx_word' id='word_1_139' title='bbox 487 1213 680 1262; x_wconf 90' lang='lat' dir='ltr'>Bonnell,</span> <span class='ocrx_word' id='word_1_140' title='bbox 703 1214 803 1252; x_wconf 87' lang='lat' dir='ltr'>Lex.</span> <span class='ocrx_word' id='word_1_141' title='bbox 827 1213 968 1259; x_wconf 81' lang='lat' dir='ltr'>Quint.</span> <span class='ocrx_word' id='word_1_142' title='bbox 992 1226 1022 1252; x_wconf 90' lang='lat' dir='ltr'>s.</span> <span class='ocrx_word' id='word_1_143' title='bbox 1042 1213 1113 1265; x_wconf 85' lang='lat' dir='ltr'>v.).</span> 
     </span>
    </p>

    <p class='ocr_par' dir='ltr' id='par_1_4' title="bbox 388 1279 1981 1849">
     <span class='ocr_line' id='line_1_16' title="bbox 446 1279 1980 1332; baseline 0.002 -13"><span class='ocrx_word' id='word_1_144' title='bbox 446 1281 497 1319; x_wconf 88' lang='grc'>16</span> <span class='ocrx_word' id='word_1_145' title='bbox 529 1292 604 1330; x_wconf 85' lang='lat' dir='ltr'>per</span> <span class='ocrx_word' id='word_1_146' title='bbox 627 1280 749 1319; x_wconf 86' lang='lat' dir='ltr'>fidem</span> <span class='ocrx_word' id='word_1_147' title='bbox 773 1279 953 1318; x_wconf 88' lang='lat' dir='ltr'>without</span> <span class='ocrx_word' id='word_1_148' title='bbox 983 1293 1095 1318; x_wconf 91' lang='lat' dir='ltr'>some</span> <span class='ocrx_word' id='word_1_149' title='bbox 1125 1280 1394 1331; x_wconf 89' lang='lat' dir='ltr'>intervening</span> <span class='ocrx_word' id='word_1_150' title='bbox 1418 1283 1554 1320; x_wconf 89' lang='lat' dir='ltr'>words</span> <span class='ocrx_word' id='word_1_151' title='bbox 1584 1282 1671 1321; x_wconf 88' lang='lat' dir='ltr'>like</span> <span class='ocrx_word' id='word_1_152' title='bbox 1698 1283 1833 1332; x_wconf 90' lang='lat' dir='ltr'>deum,</span> <span class='ocrx_word' id='word_1_153' title='bbox 1857 1284 1980 1322; x_wconf 90' lang='lat' dir='ltr'>deum</span> 
     </span>
     <span class='ocr_line' id='line_1_17' title="bbox 390 1345 1979 1398; baseline 0.003 -14"><span class='ocrx_word' id='word_1_154' title='bbox 390 1350 516 1397; x_wconf 86' lang='lat' dir='ltr'>atque</span> <span class='ocrx_word' id='word_1_155' title='bbox 536 1346 765 1395; x_wconf 88' lang='lat' dir='ltr'>hominum,</span> <span class='ocrx_word' id='word_1_156' title='bbox 788 1345 824 1384; x_wconf 88' lang='lat' dir='ltr'>is</span> <span class='ocrx_word' id='word_1_157' title='bbox 854 1359 957 1397; x_wconf 87' lang='lat' dir='ltr'>very</span> <span class='ocrx_word' id='word_1_158' title='bbox 986 1347 1125 1397; x_wconf 88' lang='lat' dir='ltr'>rarely</span> <span class='ocrx_word' id='word_1_159' title='bbox 1155 1351 1241 1385; x_wconf 89' lang='lat' dir='ltr'>met</span> <span class='ocrx_word' id='word_1_160' title='bbox 1271 1347 1387 1386; x_wconf 89' lang='lat' dir='ltr'>with.</span> <span class='ocrx_word' id='word_1_161' title='bbox 1450 1348 1511 1387; x_wconf 81' lang='lat' dir='ltr'>Cf.</span> <span class='ocrx_word' id='word_1_162' title='bbox 1536 1361 1570 1388; x_wconf 91' lang='lat' dir='ltr'>e.</span> <span class='ocrx_word' id='word_1_163' title='bbox 1589 1362 1624 1398; x_wconf 88' lang='lat' dir='ltr'>g.</span> <span class='ocrx_word' id='word_1_164' title='bbox 1648 1349 1815 1388; x_wconf 88' lang='lat' dir='ltr'>Petron.</span> <span class='ocrx_word' id='word_1_165' title='bbox 1839 1350 1932 1398; x_wconf 88' lang='grc'>100,</span> <span class='ocrx_word' id='word_1_166' title='bbox 1953 1350 1979 1389; x_wconf 90' lang='grc'><em>5</em></span> 
     </span>
     <span class='ocr_line' id='line_1_18' title="bbox 389 1412 1979 1467; baseline 0.003 -17"><span class='ocrx_word' id='word_1_167' title='bbox 389 1426 463 1463; x_wconf 88' lang='lat' dir='ltr'>per</span> <span class='ocrx_word' id='word_1_168' title='bbox 484 1412 620 1461; x_wconf 89' lang='lat' dir='ltr'>fidem,</span> <span class='ocrx_word' id='word_1_169' title='bbox 643 1412 826 1463; x_wconf 88' lang='lat' dir='ltr'>inquam,</span> <span class='ocrx_word' id='word_1_170' title='bbox 848 1416 980 1463; x_wconf 90' lang='lat' dir='ltr'>pater,</span> <span class='ocrx_word' id='word_1_171' title='bbox 1003 1412 1121 1451; x_wconf 92' lang='lat' dir='ltr'>cuius</span> <span class='ocrx_word' id='word_1_172' title='bbox 1143 1413 1244 1452; x_wconf 89' lang='lat' dir='ltr'>haec</span> <span class='ocrx_word' id='word_1_173' title='bbox 1266 1413 1385 1452; x_wconf 90' lang='lat' dir='ltr'>navis</span> <span class='ocrx_word' id='word_1_174' title='bbox 1407 1418 1470 1452; x_wconf 86' lang='lat' dir='ltr'>est</span> <span class='ocrx_word' id='word_1_175' title='bbox 1485 1416 1504 1452; x_wconf 64' lang='grc' dir='ltr'>’.Ρ</span> <span class='ocrx_word' id='word_1_176' title='bbox 1545 1414 1669 1465; x_wconf 88' lang='lat' dir='ltr'>Apul.</span> <span class='ocrx_word' id='word_1_177' title='bbox 1689 1416 1789 1453; x_wconf 91' lang='lat' dir='ltr'>Met.</span> <span class='ocrx_word' id='word_1_178' title='bbox 1809 1417 1833 1454; x_wconf 87' lang='lat'>6</span> <span class='ocrx_word' id='word_1_179' title='bbox 1855 1429 1979 1467; x_wconf 91' lang='lat' dir='ltr'>quam</span> 
     </span>
     <span class='ocr_line' id='line_1_19' title="bbox 389 1478 1979 1529; baseline 0.004 -14"><span class='ocrx_word' id='word_1_180' title='bbox 389 1479 554 1527; x_wconf 87' lang='lat' dir='ltr'>vellem,</span> <span class='ocrx_word' id='word_1_181' title='bbox 576 1478 728 1529; x_wconf 88' lang='lat' dir='ltr'>inquit,</span> <span class='ocrx_word' id='word_1_182' title='bbox 751 1491 825 1529; x_wconf 90' lang='lat' dir='ltr'>per</span> <span class='ocrx_word' id='word_1_183' title='bbox 845 1478 970 1517; x_wconf 89' lang='lat' dir='ltr'>fidem</span> <span class='ocrx_word' id='word_1_184' title='bbox 991 1482 1141 1517; x_wconf 86' lang='lat' dir='ltr'>nutum</span> <span class='ocrx_word' id='word_1_185' title='bbox 1165 1492 1303 1517; x_wconf 87' lang='lat' dir='ltr'>meum</span> <span class='ocrx_word' id='word_1_186' title='bbox 1333 1480 1525 1529; x_wconf 82' lang='lat' dir='ltr'>precibus</span> <span class='ocrx_word' id='word_1_187' title='bbox 1556 1481 1641 1519; x_wconf 91' lang='lat' dir='ltr'>tuis</span> <span class='ocrx_word' id='word_1_188' title='bbox 1672 1482 1979 1521; x_wconf 87' lang='lat' dir='ltr'>accommodare</span> 
     </span>
     <span class='ocr_line' id='line_1_20' title="bbox 388 1544 1978 1602; baseline 0.003 -20"><span class='ocrx_word' id='word_1_189' title='bbox 388 1545 472 1583; x_wconf 88' lang='lat' dir='ltr'>and</span> <span class='ocrx_word' id='word_1_190' title='bbox 502 1545 682 1595; x_wconf 88' lang='lat' dir='ltr'>perhaps</span> <span class='ocrx_word' id='word_1_191' title='bbox 712 1545 850 1583; x_wconf 90' lang='lat' dir='ltr'>Plaut.</span> <span class='ocrx_word' id='word_1_192' title='bbox 874 1544 1062 1595; x_wconf 88' lang='lat' dir='ltr'>Amphit.</span> <span class='ocrx_word' id='word_1_193' title='bbox 1086 1545 1108 1582; x_wconf 94' lang='grc' dir='ltr'>Ι</span> <span class='ocrx_word' id='word_1_194' title='bbox 1131 1546 1167 1593; x_wconf 92' lang='grc'>1,</span> <span class='ocrx_word' id='word_1_195' title='bbox 1189 1546 1270 1584; x_wconf 91' lang='grc'>220</span> <span class='ocrx_word' id='word_1_196' title='bbox 1300 1559 1375 1596; x_wconf 88' lang='lat' dir='ltr'>pro</span> <span class='ocrx_word' id='word_1_197' title='bbox 1406 1559 1450 1584; x_wconf 91' lang='lat' dir='ltr'>or</span> <span class='ocrx_word' id='word_1_198' title='bbox 1480 1559 1554 1596; x_wconf 87' lang='lat' dir='ltr'>per</span> <span class='ocrx_word' id='word_1_199' title='bbox 1581 1547 1680 1602; x_wconf 69' lang='lat' dir='ltr'>(pf.)</span> <span class='ocrx_word' id='word_1_200' title='bbox 1707 1547 1842 1586; x_wconf 88' lang='lat' dir='ltr'>fidem.</span> <span class='ocrx_word' id='word_1_201' title='bbox 1904 1548 1978 1587; x_wconf 87' lang='lat' dir='ltr'>See</span> 
     </span>
     <span class='ocr_line' id='line_1_21' title="bbox 389 1610 1980 1662; baseline 0.003 -13"><span class='ocrx_word' id='word_1_202' title='bbox 389 1611 478 1649; x_wconf 89' lang='lat' dir='ltr'>also</span> <span class='ocrx_word' id='word_1_203' title='bbox 499 1611 622 1661; x_wconf 86' lang='lat' dir='ltr'>Verg.</span> <span class='ocrx_word' id='word_1_204' title='bbox 645 1610 750 1649; x_wconf 90' lang='lat' dir='ltr'>Aen.</span> <span class='ocrx_word' id='word_1_205' title='bbox 774 1611 821 1648; x_wconf 84' lang='lat'>11</span> <span class='ocrx_word' id='word_1_206' title='bbox 846 1611 925 1649; x_wconf 87' lang='grc'>142</span> <span class='ocrx_word' id='word_1_207' title='bbox 956 1624 1030 1661; x_wconf 89' lang='lat' dir='ltr'>per</span> <span class='ocrx_word' id='word_1_208' title='bbox 1060 1611 1097 1649; x_wconf 92' lang='lat' dir='ltr'>si</span> <span class='ocrx_word' id='word_1_209' title='bbox 1128 1624 1210 1662; x_wconf 92' lang='lat' dir='ltr'>qua</span> <span class='ocrx_word' id='word_1_210' title='bbox 1239 1615 1303 1650; x_wconf 89' lang='lat' dir='ltr'>est</span> <span class='ocrx_word' id='word_1_211' title='bbox 1326 1643 1333 1651; x_wconf 95' lang='lat'>.</span> <span class='ocrx_word' id='word_1_212' title='bbox 1357 1642 1365 1650; x_wconf 89' lang='lat'>.</span> <span class='ocrx_word' id='word_1_213' title='bbox 1389 1642 1397 1651; x_wconf 95' lang='lat'>.</span> <span class='ocrx_word' id='word_1_214' title='bbox 1421 1612 1534 1650; x_wconf 89' lang='lat' dir='ltr'>fides.</span> <span class='ocrx_word' id='word_1_215' title='bbox 1595 1613 1682 1651; x_wconf 87' lang='lat' dir='ltr'>The</span> <span class='ocrx_word' id='word_1_216' title='bbox 1713 1614 1811 1652; x_wconf 91' lang='lat' dir='ltr'>oath</span> <span class='ocrx_word' id='word_1_217' title='bbox 1840 1627 1925 1653; x_wconf 87' lang='lat' dir='ltr'>was</span> <span class='ocrx_word' id='word_1_218' title='bbox 1955 1627 1980 1654; x_wconf 88' lang='lat' dir='ltr'>a</span> 
     </span>
     <span class='ocr_line' id='line_1_22' title="bbox 389 1676 1980 1730; baseline 0.003 -15"><span class='ocrx_word' id='word_1_219' title='bbox 389 1689 493 1728; x_wconf 87' lang='lat' dir='ltr'>very</span> <span class='ocrx_word' id='word_1_220' title='bbox 513 1676 682 1716; x_wconf 77' lang='lat' dir='ltr'>ancient</span> <span class='ocrx_word' id='word_1_221' title='bbox 712 1689 790 1715; x_wconf 89' lang='lat' dir='ltr'>one</span> <span class='ocrx_word' id='word_1_222' title='bbox 820 1677 903 1715; x_wconf 90' lang='lat' dir='ltr'>and</span> <span class='ocrx_word' id='word_1_223' title='bbox 932 1677 1023 1715; x_wconf 91' lang='lat' dir='ltr'>still</span> <span class='ocrx_word' id='word_1_224' title='bbox 1053 1690 1242 1716; x_wconf 91' lang='lat' dir='ltr'>common</span> <span class='ocrx_word' id='word_1_225' title='bbox 1270 1678 1314 1715; x_wconf 89' lang='lat' dir='ltr'>in</span> <span class='ocrx_word' id='word_1_226' title='bbox 1340 1678 1577 1716; x_wconf 85' lang='lat' dir='ltr'>Plutarch&#39;s</span> <span class='ocrx_word' id='word_1_227' title='bbox 1600 1679 1691 1730; x_wconf 89' lang='lat' dir='ltr'>day.</span> <span class='ocrx_word' id='word_1_228' title='bbox 1753 1680 1816 1719; x_wconf 84' lang='lat' dir='ltr'>Cf.</span> <span class='ocrx_word' id='word_1_229' title='bbox 1839 1681 1980 1719; x_wconf 86' lang='lat' dir='ltr'>Numa</span> 
     </span>
     <span class='ocr_line' id='line_1_23' title="bbox 390 1742 1981 1798; baseline 0.004 -18"><span class='ocrx_word' id='word_1_230' title='bbox 390 1744 442 1782; x_wconf 81' lang='grc'>16</span> <span class='ocrx_word' id='word_1_231' title='bbox 473 1745 542 1794; x_wconf 78' lang='grc' dir='ltr'>τὴν</span> <span class='ocrx_word' id='word_1_232' title='bbox 570 1744 714 1782; x_wconf 81' lang='grc' dir='ltr'>Πίστιν</span> <span class='ocrx_word' id='word_1_233' title='bbox 742 1744 856 1794; x_wconf 84' lang='grc' dir='ltr'>ὅρκον</span> <span class='ocrx_word' id='word_1_234' title='bbox 884 1743 1071 1788; x_wconf 78' lang='grc' dir='ltr'>ἀποδεῖξαι</span> <span class='ocrx_word' id='word_1_235' title='bbox 1089 1742 1286 1793; x_wconf 81' lang='grc' dir='ltr'>Ῥωμαίοις</span> <span class='ocrx_word' id='word_1_236' title='bbox 1315 1744 1499 1796; x_wconf 80' lang='grc' dir='ltr'>μέγιστον</span> <span class='ocrx_word' id='word_1_237' title='bbox 1518 1744 1543 1796; x_wconf 83' lang='grc' dir='ltr'><strong><em>ᾖ</em></strong></span> <span class='ocrx_word' id='word_1_238' title='bbox 1564 1746 1748 1797; x_wconf 83' lang='grc' dir='ltr'>χρώμενοι</span> <span class='ocrx_word' id='word_1_239' title='bbox 1777 1747 1887 1798; x_wconf 82' lang='grc' dir='ltr'>μέχρι</span> <span class='ocrx_word' id='word_1_240' title='bbox 1917 1749 1981 1786; x_wconf 79' lang='grc' dir='ltr'>νῦν</span> 
     </span>
     <span class='ocr_line' id='line_1_24' title="bbox 390 1809 639 1849; baseline -0.004 -2"><span class='ocrx_word' id='word_1_241' title='bbox 390 1809 639 1849; x_wconf 81' lang='grc' dir='ltr'>διατελοῦσιν.</span> 
     </span>
    </p>

    <p class='ocr_par' dir='ltr' id='par_1_5' title="bbox 382 1875 1981 2978">
     <span class='ocr_line' id='line_1_25' title="bbox 445 1875 1980 1928; baseline 0.001 -14"><span class='ocrx_word' id='word_1_242' title='bbox 445 1875 498 1914; x_wconf 82' lang='grc'>17</span> <span class='ocrx_word' id='word_1_243' title='bbox 529 1875 989 1925; x_wconf 84' lang='lat' dir='ltr'>compositae=fictae.</span> <span class='ocrx_word' id='word_1_244' title='bbox 1053 1875 1127 1913; x_wconf 83' lang='lat' dir='ltr'>See</span> <span class='ocrx_word' id='word_1_245' title='bbox 1157 1879 1254 1913; x_wconf 86' lang='lat' dir='ltr'>note</span> <span class='ocrx_word' id='word_1_246' title='bbox 1285 1888 1318 1914; x_wconf 92' lang='lat' dir='ltr'>c.</span> <span class='ocrx_word' id='word_1_247' title='bbox 1348 1877 1399 1914; x_wconf 89' lang='grc'>12</span> <span class='ocrx_word' id='word_1_248' title='bbox 1426 1878 1749 1928; x_wconf 83' lang='lat' dir='ltr'>19.—sequitur</span> <span class='ocrx_word' id='word_1_249' title='bbox 1773 1880 1840 1918; x_wconf 89' lang='lat' dir='ltr'>ut:</span> <span class='ocrx_word' id='word_1_250' title='bbox 1873 1877 1980 1917; x_wconf 74' lang='lat' dir='ltr'>‘and</span> 
     </span>
     <span class='ocr_line' id='line_1_26' title="bbox 390 1940 1981 1989; baseline 0.003 -11"><span class='ocrx_word' id='word_1_251' title='bbox 390 1941 684 1989; x_wconf 84' lang='lat' dir='ltr'>furthermore,</span> <span class='ocrx_word' id='word_1_252' title='bbox 707 1940 752 1978; x_wconf 93' lang='lat' dir='ltr'>in</span> <span class='ocrx_word' id='word_1_253' title='bbox 781 1941 974 1979; x_wconf 86' lang='lat' dir='ltr'>addition</span> <span class='ocrx_word' id='word_1_254' title='bbox 994 1941 1064 1989; x_wconf 85' lang='lat' dir='ltr'>to,&#39;</span> <span class='ocrx_word' id='word_1_255' title='bbox 1087 1941 1112 1978; x_wconf 91' lang='lat' dir='ltr'>i.</span> <span class='ocrx_word' id='word_1_256' title='bbox 1132 1954 1165 1979; x_wconf 93' lang='lat' dir='ltr'>e.</span> <span class='ocrx_word' id='word_1_257' title='bbox 1189 1954 1233 1979; x_wconf 90' lang='lat' dir='ltr'>as</span> <span class='ocrx_word' id='word_1_258' title='bbox 1255 1941 1292 1978; x_wconf 80' lang='lat' dir='ltr'>if</span> <span class='ocrx_word' id='word_1_259' title='bbox 1310 1941 1429 1980; x_wconf 90' lang='lat' dir='ltr'>these</span> <span class='ocrx_word' id='word_1_260' title='bbox 1450 1942 1655 1981; x_wconf 85' lang='lat' dir='ltr'>exercises</span> <span class='ocrx_word' id='word_1_261' title='bbox 1676 1955 1784 1981; x_wconf 87' lang='lat' dir='ltr'>were</span> <span class='ocrx_word' id='word_1_262' title='bbox 1805 1947 1879 1982; x_wconf 91' lang='lat' dir='ltr'>not</span> <span class='ocrx_word' id='word_1_263' title='bbox 1898 1944 1981 1982; x_wconf 91' lang='lat' dir='ltr'>bad</span> 
     </span>
     <span class='ocr_line' id='line_1_27' title="bbox 390 2006 1979 2060; baseline 0.003 -16"><span class='ocrx_word' id='word_1_264' title='bbox 390 2007 554 2056; x_wconf 87' lang='lat' dir='ltr'>enough</span> <span class='ocrx_word' id='word_1_265' title='bbox 575 2006 620 2044; x_wconf 93' lang='lat' dir='ltr'>in</span> <span class='ocrx_word' id='word_1_266' title='bbox 640 2006 907 2055; x_wconf 77' lang='lat' dir='ltr'>themselves,</span> <span class='ocrx_word' id='word_1_267' title='bbox 929 2007 1032 2058; x_wconf 85' lang='lat' dir='ltr'>they</span> <span class='ocrx_word' id='word_1_268' title='bbox 1053 2019 1123 2045; x_wconf 88' lang='lat' dir='ltr'>are</span> <span class='ocrx_word' id='word_1_269' title='bbox 1152 2008 1358 2045; x_wconf 88' lang='lat' dir='ltr'>rendered</span> <span class='ocrx_word' id='word_1_270' title='bbox 1388 2007 1478 2046; x_wconf 87' lang='lat' dir='ltr'>still</span> <span class='ocrx_word' id='word_1_271' title='bbox 1508 2021 1620 2046; x_wconf 87' lang='lat' dir='ltr'>more</span> <span class='ocrx_word' id='word_1_272' title='bbox 1651 2008 1899 2048; x_wconf 89' lang='lat' dir='ltr'>intolerable</span> <span class='ocrx_word' id='word_1_273' title='bbox 1924 2009 1979 2060; x_wconf 91' lang='lat' dir='ltr'>by</span> 
     </span>
     <span class='ocr_line' id='line_1_28' title="bbox 391 2070 1978 2124; baseline 0.002 -13"><span class='ocrx_word' id='word_1_274' title='bbox 391 2073 620 2111; x_wconf 86' lang='lat' dir='ltr'>bombastic</span> <span class='ocrx_word' id='word_1_275' title='bbox 653 2072 853 2123; x_wconf 88' lang='lat' dir='ltr'>delivery.</span> <span class='ocrx_word' id='word_1_276' title='bbox 915 2073 980 2112; x_wconf 92' lang='lat' dir='ltr'>On</span> <span class='ocrx_word' id='word_1_277' title='bbox 1013 2070 1099 2111; x_wconf 89' lang='lat' dir='ltr'>this</span> <span class='ocrx_word' id='word_1_278' title='bbox 1134 2086 1207 2111; x_wconf 88' lang='lat' dir='ltr'>use</span> <span class='ocrx_word' id='word_1_279' title='bbox 1229 2073 1274 2111; x_wconf 86' lang='lat' dir='ltr'>of</span> <span class='ocrx_word' id='word_1_280' title='bbox 1308 2073 1521 2124; x_wconf 71' lang='lat' dir='ltr'>‘sequitur</span> <span class='ocrx_word' id='word_1_281' title='bbox 1553 2075 1624 2112; x_wconf 85' lang='lat' dir='ltr'>ut’</span> <span class='ocrx_word' id='word_1_282' title='bbox 1661 2074 1706 2112; x_wconf 89' lang='lat' dir='ltr'>in</span> <span class='ocrx_word' id='word_1_283' title='bbox 1738 2075 1978 2124; x_wconf 89' lang='lat' dir='ltr'>transition,</span> 
     </span>
     <span class='ocr_line' id='line_1_29' title="bbox 390 2139 1976 2190; baseline 0.002 -13"><span class='ocrx_word' id='word_1_284' title='bbox 390 2139 441 2178; x_wconf 86' lang='lat' dir='ltr'>cf.</span> <span class='ocrx_word' id='word_1_285' title='bbox 475 2152 508 2177; x_wconf 91' lang='lat' dir='ltr'>e.</span> <span class='ocrx_word' id='word_1_286' title='bbox 532 2153 567 2189; x_wconf 87' lang='lat' dir='ltr'>g.</span> <span class='ocrx_word' id='word_1_287' title='bbox 602 2139 684 2178; x_wconf 90' lang='lat' dir='ltr'>Cic.</span> <span class='ocrx_word' id='word_1_288' title='bbox 709 2139 823 2178; x_wconf 86' lang='lat' dir='ltr'>Orat.</span> <span class='ocrx_word' id='word_1_289' title='bbox 846 2139 913 2188; x_wconf 88' lang='lat'>23,</span> <span class='ocrx_word' id='word_1_290' title='bbox 936 2139 988 2178; x_wconf 81' lang='lat'>75</span> <span class='ocrx_word' id='word_1_291' title='bbox 1024 2139 1215 2189; x_wconf 90' lang='lat' dir='ltr'>sequitur</span> <span class='ocrx_word' id='word_1_292' title='bbox 1249 2143 1297 2178; x_wconf 92' lang='lat' dir='ltr'>ut</span> <span class='ocrx_word' id='word_1_293' title='bbox 1332 2140 1533 2190; x_wconf 91' lang='lat' dir='ltr'>cuiusque</span> <span class='ocrx_word' id='word_1_294' title='bbox 1564 2141 1726 2190; x_wconf 87' lang='lat' dir='ltr'>generis</span> <span class='ocrx_word' id='word_1_295' title='bbox 1756 2145 1856 2180; x_wconf 87' lang='lat' dir='ltr'>nota</span> <span class='ocrx_word' id='word_1_296' title='bbox 1885 2171 1893 2180; x_wconf 92' lang='lat'>.</span> <span class='ocrx_word' id='word_1_297' title='bbox 1926 2172 1934 2180; x_wconf 91' lang='lat'>.</span> <span class='ocrx_word' id='word_1_298' title='bbox 1968 2172 1976 2180; x_wconf 94' lang='lat'>.</span> 
     </span>
     <span class='ocr_line' id='line_1_30' title="bbox 390 2205 1976 2255; baseline 0.002 -12"><span class='ocrx_word' id='word_1_299' title='bbox 390 2209 615 2255; x_wconf 89' lang='lat' dir='ltr'>quaeratur</span> <span class='ocrx_word' id='word_1_300' title='bbox 654 2205 705 2243; x_wconf 90' lang='lat' dir='ltr'>de</span> <span class='ocrx_word' id='word_1_301' title='bbox 726 2205 795 2244; x_wconf 86' lang='lat' dir='ltr'>off.</span> <span class='ocrx_word' id='word_1_302' title='bbox 819 2205 841 2243; x_wconf 96' lang='grc' dir='ltr'>Ι</span> <span class='ocrx_word' id='word_1_303' title='bbox 861 2205 928 2254; x_wconf 82' lang='grc'>27,</span> <span class='ocrx_word' id='word_1_304' title='bbox 950 2206 1003 2244; x_wconf 89' lang='grc'>93</span> <span class='ocrx_word' id='word_1_305' title='bbox 1043 2205 1093 2243; x_wconf 91' lang='lat' dir='ltr'>de</span> <span class='ocrx_word' id='word_1_306' title='bbox 1114 2208 1198 2243; x_wconf 90' lang='lat' dir='ltr'>nat.</span> <span class='ocrx_word' id='word_1_307' title='bbox 1222 2206 1331 2243; x_wconf 91' lang='lat' dir='ltr'>deor.</span> <span class='ocrx_word' id='word_1_308' title='bbox 1355 2206 1402 2243; x_wconf 92' lang='lat' dir='ltr'>II</span> <span class='ocrx_word' id='word_1_309' title='bbox 1423 2207 1489 2254; x_wconf 87' lang='grc'>32,</span> <span class='ocrx_word' id='word_1_310' title='bbox 1511 2207 1563 2245; x_wconf 90' lang='grc'>80</span> <span class='ocrx_word' id='word_1_311' title='bbox 1604 2207 1743 2252; x_wconf 83' lang='lat' dir='ltr'>Quint.</span> <span class='ocrx_word' id='word_1_312' title='bbox 1766 2208 1830 2247; x_wconf 84' lang='lat' dir='ltr'>IV</span> <span class='ocrx_word' id='word_1_313' title='bbox 1848 2208 1916 2246; x_wconf 85' lang='lat' dir='ltr'>Pr.</span> <span class='ocrx_word' id='word_1_314' title='bbox 1940 2209 1976 2246; x_wconf 91' lang='lat'>6.</span> 
     </span>
     <span class='ocr_line' id='line_1_31' title="bbox 382 2271 1980 2315; baseline 0.004 -7"><span class='ocrx_word' id='word_1_315' title='bbox 382 2271 656 2309; x_wconf 85' lang='lat' dir='ltr'>——materiae</span> <span class='ocrx_word' id='word_1_316' title='bbox 688 2271 933 2310; x_wconf 86' lang='lat' dir='ltr'>abhorrenti</span> <span class='ocrx_word' id='word_1_317' title='bbox 965 2274 1061 2309; x_wconf 90' lang='lat' dir='ltr'>etc.:</span> <span class='ocrx_word' id='word_1_318' title='bbox 1113 2271 1176 2310; x_wconf 81' lang='lat' dir='ltr'>Cf.</span> <span class='ocrx_word' id='word_1_319' title='bbox 1208 2284 1239 2309; x_wconf 90' lang='lat' dir='ltr'>c.</span> <span class='ocrx_word' id='word_1_320' title='bbox 1273 2273 1325 2310; x_wconf 87' lang='grc'>31</span> <span class='ocrx_word' id='word_1_321' title='bbox 1351 2278 1371 2309; x_wconf 89' lang='grc'>3</span> <span class='ocrx_word' id='word_1_322' title='bbox 1405 2273 1514 2311; x_wconf 88' lang='lat' dir='ltr'>fictis</span> <span class='ocrx_word' id='word_1_323' title='bbox 1550 2287 1625 2312; x_wconf 87' lang='lat' dir='ltr'>nec</span> <span class='ocrx_word' id='word_1_324' title='bbox 1654 2274 1743 2312; x_wconf 83' lang='lat' dir='ltr'>ullo</span> <span class='ocrx_word' id='word_1_325' title='bbox 1772 2275 1894 2313; x_wconf 89' lang='lat' dir='ltr'>modo</span> <span class='ocrx_word' id='word_1_326' title='bbox 1924 2276 1980 2315; x_wconf 82' lang='lat' dir='ltr'>ad</span> 
     </span>
     <span class='ocr_line' id='line_1_32' title="bbox 387 2336 1977 2390; baseline 0.003 -16"><span class='ocrx_word' id='word_1_327' title='bbox 387 2336 610 2375; x_wconf 89' lang='lat' dir='ltr'>veritatem</span> <span class='ocrx_word' id='word_1_328' title='bbox 640 2336 936 2375; x_wconf 88' lang='lat' dir='ltr'>accedentibus</span> <span class='ocrx_word' id='word_1_329' title='bbox 967 2336 1263 2375; x_wconf 86' lang='lat' dir='ltr'>controversiis</span> <span class='ocrx_word' id='word_1_330' title='bbox 1313 2337 1453 2383; x_wconf 82' lang='lat' dir='ltr'>Quint.</span> <span class='ocrx_word' id='word_1_331' title='bbox 1481 2338 1527 2376; x_wconf 88' lang='grc' dir='ltr'>ΙΙ</span> <span class='ocrx_word' id='word_1_332' title='bbox 1558 2339 1623 2388; x_wconf 92' lang='grc'>10,</span> <span class='ocrx_word' id='word_1_333' title='bbox 1645 2340 1670 2378; x_wconf 90' lang='grc'><strong>3</strong></span> <span class='ocrx_word' id='word_1_334' title='bbox 1701 2339 1787 2378; x_wconf 89' lang='lat' dir='ltr'>sint</span> <span class='ocrx_word' id='word_1_335' title='bbox 1813 2353 1910 2390; x_wconf 87' lang='lat' dir='ltr'>ergo</span> <span class='ocrx_word' id='word_1_336' title='bbox 1935 2344 1977 2379; x_wconf 89' lang='lat' dir='ltr'>et</span> 
     </span>
     <span class='ocr_line' id='line_1_33' title="bbox 388 2402 1979 2453; baseline 0.003 -13"><span class='ocrx_word' id='word_1_337' title='bbox 388 2402 503 2452; x_wconf 89' lang='lat' dir='ltr'>ipsae</span> <span class='ocrx_word' id='word_1_338' title='bbox 535 2402 736 2440; x_wconf 89' lang='lat' dir='ltr'>materiae</span> <span class='ocrx_word' id='word_1_339' title='bbox 771 2415 877 2453; x_wconf 89' lang='lat' dir='ltr'>quae</span> <span class='ocrx_word' id='word_1_340' title='bbox 909 2402 1130 2453; x_wconf 87' lang='lat' dir='ltr'>fingentur,</span> <span class='ocrx_word' id='word_1_341' title='bbox 1164 2415 1289 2453; x_wconf 88' lang='lat' dir='ltr'>quam</span> <span class='ocrx_word' id='word_1_342' title='bbox 1321 2403 1538 2443; x_wconf 91' lang='lat' dir='ltr'>simillima</span> <span class='ocrx_word' id='word_1_343' title='bbox 1567 2405 1739 2444; x_wconf 84' lang='lat' dir='ltr'>veritati</span> <span class='ocrx_word' id='word_1_344' title='bbox 1771 2409 1813 2444; x_wconf 90' lang='lat' dir='ltr'>et</span> <span class='ocrx_word' id='word_1_345' title='bbox 1844 2407 1979 2445; x_wconf 88' lang='lat' dir='ltr'>decla-</span> 
     </span>
     <span class='ocr_line' id='line_1_34' title="bbox 388 2468 1978 2523; baseline 0.003 -17"><span class='ocrx_word' id='word_1_346' title='bbox 388 2468 517 2506; x_wconf 88' lang='lat' dir='ltr'>matio</span> <span class='ocrx_word' id='word_1_347' title='bbox 538 2499 546 2507; x_wconf 94' lang='lat'>.</span> <span class='ocrx_word' id='word_1_348' title='bbox 571 2499 579 2507; x_wconf 90' lang='lat'>.</span> <span class='ocrx_word' id='word_1_349' title='bbox 603 2499 611 2506; x_wconf 90' lang='lat'>.</span> <span class='ocrx_word' id='word_1_350' title='bbox 636 2468 826 2507; x_wconf 86' lang='lat' dir='ltr'>imitetur</span> <span class='ocrx_word' id='word_1_351' title='bbox 847 2482 915 2507; x_wconf 90' lang='lat' dir='ltr'>eas</span> <span class='ocrx_word' id='word_1_352' title='bbox 944 2469 1128 2508; x_wconf 88' lang='lat' dir='ltr'>actiones</span> <span class='ocrx_word' id='word_1_353' title='bbox 1159 2469 1203 2506; x_wconf 91' lang='lat' dir='ltr'>in</span> <span class='ocrx_word' id='word_1_354' title='bbox 1233 2482 1409 2519; x_wconf 91' lang='lat' dir='ltr'>quarum</span> <span class='ocrx_word' id='word_1_355' title='bbox 1439 2471 1782 2510; x_wconf 82' lang='lat' dir='ltr'>exercitationem</span> <span class='ocrx_word' id='word_1_356' title='bbox 1811 2476 1978 2523; x_wconf 84' lang='lat' dir='ltr'>reperta</span> 
     </span>
     <span class='ocr_line' id='line_1_35' title="bbox 387 2534 1975 2589; baseline 0.003 -17"><span class='ocrx_word' id='word_1_357' title='bbox 387 2538 452 2572; x_wconf 90' lang='lat' dir='ltr'>est</span> <span class='ocrx_word' id='word_1_358' title='bbox 497 2534 548 2572; x_wconf 86' lang='lat'>12</span> <span class='ocrx_word' id='word_1_359' title='bbox 580 2547 706 2584; x_wconf 91' lang='lat' dir='ltr'>quare</span> <span class='ocrx_word' id='word_1_360' title='bbox 737 2535 998 2583; x_wconf 88' lang='lat' dir='ltr'>declamatio,</span> <span class='ocrx_word' id='word_1_361' title='bbox 1025 2535 1220 2585; x_wconf 90' lang='lat' dir='ltr'>quoniam</span> <span class='ocrx_word' id='word_1_362' title='bbox 1252 2538 1315 2573; x_wconf 88' lang='lat' dir='ltr'>est</span> <span class='ocrx_word' id='word_1_363' title='bbox 1345 2535 1594 2574; x_wconf 90' lang='lat' dir='ltr'>iudiciorum</span> <span class='ocrx_word' id='word_1_364' title='bbox 1625 2537 1975 2589; x_wconf 87' lang='lat' dir='ltr'>consiliorumque</span> 
     </span>
     <span class='ocr_line' id='line_1_36' title="bbox 388 2600 1972 2657; baseline 0.003 -20"><span class='ocrx_word' id='word_1_365' title='bbox 388 2600 536 2649; x_wconf 86' lang='lat' dir='ltr'>imago,</span> <span class='ocrx_word' id='word_1_366' title='bbox 570 2600 720 2638; x_wconf 86' lang='lat' dir='ltr'>similis</span> <span class='ocrx_word' id='word_1_367' title='bbox 754 2613 843 2639; x_wconf 89' lang='lat' dir='ltr'>esse</span> <span class='ocrx_word' id='word_1_368' title='bbox 874 2601 997 2639; x_wconf 92' lang='lat' dir='ltr'>debet</span> <span class='ocrx_word' id='word_1_369' title='bbox 1027 2601 1199 2639; x_wconf 87' lang='lat' dir='ltr'>veritati</span> <span class='ocrx_word' id='word_1_370' title='bbox 1247 2602 1288 2638; x_wconf 90' lang='lat' dir='ltr'>X</span> <span class='ocrx_word' id='word_1_371' title='bbox 1316 2601 1353 2649; x_wconf 92' lang='lat'>2,</span> <span class='ocrx_word' id='word_1_372' title='bbox 1377 2601 1426 2639; x_wconf 85' lang='lat'>11</span> <span class='ocrx_word' id='word_1_373' title='bbox 1450 2602 1479 2639; x_wconf 81' lang='lat' dir='ltr'>f.</span> <span class='ocrx_word' id='word_1_374' title='bbox 1513 2602 1564 2640; x_wconf 89' lang='lat' dir='ltr'>iis</span> <span class='ocrx_word' id='word_1_375' title='bbox 1598 2606 1670 2657; x_wconf 87' lang='lat' dir='ltr'>(sc.</span> <span class='ocrx_word' id='word_1_376' title='bbox 1695 2603 1972 2655; x_wconf 88' lang='lat' dir='ltr'>orationibus)</span> 
     </span>
     <span class='ocr_line' id='line_1_37' title="bbox 388 2666 1976 2718; baseline 0.003 -15"><span class='ocrx_word' id='word_1_377' title='bbox 388 2679 493 2716; x_wconf 90' lang='lat' dir='ltr'>quae</span> <span class='ocrx_word' id='word_1_378' title='bbox 525 2666 568 2703; x_wconf 92' lang='lat' dir='ltr'>in</span> <span class='ocrx_word' id='word_1_379' title='bbox 600 2666 835 2716; x_wconf 83' lang='lat' dir='ltr'>exemplum</span> <span class='ocrx_word' id='word_1_380' title='bbox 868 2666 1125 2704; x_wconf 87' lang='lat' dir='ltr'>adsumimus</span> <span class='ocrx_word' id='word_1_381' title='bbox 1158 2667 1301 2704; x_wconf 87' lang='lat' dir='ltr'>subest</span> <span class='ocrx_word' id='word_1_382' title='bbox 1330 2670 1481 2705; x_wconf 91' lang='lat' dir='ltr'>natura</span> <span class='ocrx_word' id='word_1_383' title='bbox 1510 2671 1551 2705; x_wconf 88' lang='lat' dir='ltr'>et</span> <span class='ocrx_word' id='word_1_384' title='bbox 1581 2681 1679 2707; x_wconf 88' lang='lat' dir='ltr'>vera</span> <span class='ocrx_word' id='word_1_385' title='bbox 1708 2669 1795 2718; x_wconf 88' lang='lat' dir='ltr'>vis;</span> <span class='ocrx_word' id='word_1_386' title='bbox 1832 2673 1976 2708; x_wconf 82' lang='lat' dir='ltr'>contra</span> 
     </span>
     <span class='ocr_line' id='line_1_38' title="bbox 388 2732 1975 2783; baseline 0.003 -15"><span class='ocrx_word' id='word_1_387' title='bbox 388 2732 522 2769; x_wconf 89' lang='lat' dir='ltr'>omnis</span> <span class='ocrx_word' id='word_1_388' title='bbox 546 2732 727 2770; x_wconf 87' lang='lat' dir='ltr'>imitatio</span> <span class='ocrx_word' id='word_1_389' title='bbox 751 2732 865 2770; x_wconf 84' lang='lat' dir='ltr'>facta</span> <span class='ocrx_word' id='word_1_390' title='bbox 885 2736 949 2770; x_wconf 88' lang='lat' dir='ltr'>est</span> <span class='ocrx_word' id='word_1_391' title='bbox 971 2764 978 2772; x_wconf 96' lang='lat'>.</span> <span class='ocrx_word' id='word_1_392' title='bbox 1003 2763 1010 2770; x_wconf 92' lang='lat'>.</span> <span class='ocrx_word' id='word_1_393' title='bbox 1035 2762 1042 2770; x_wconf 95' lang='lat'>.</span> <span class='ocrx_word' id='word_1_394' title='bbox 1067 2745 1147 2782; x_wconf 86' lang='lat' dir='ltr'>quo</span> <span class='ocrx_word' id='word_1_395' title='bbox 1169 2732 1228 2780; x_wconf 91' lang='lat' dir='ltr'>fit,</span> <span class='ocrx_word' id='word_1_396' title='bbox 1254 2736 1298 2770; x_wconf 92' lang='lat' dir='ltr'>ut</span> <span class='ocrx_word' id='word_1_397' title='bbox 1328 2732 1465 2770; x_wconf 91' lang='lat' dir='ltr'>minus</span> <span class='ocrx_word' id='word_1_398' title='bbox 1498 2734 1713 2783; x_wconf 82' lang='lat' dir='ltr'>sanguinis</span> <span class='ocrx_word' id='word_1_399' title='bbox 1744 2748 1790 2773; x_wconf 93' lang='lat' dir='ltr'>ac</span> <span class='ocrx_word' id='word_1_400' title='bbox 1822 2735 1975 2773; x_wconf 90' lang='lat' dir='ltr'>virium</span> 
     </span>
     <span class='ocr_line' id='line_1_39' title="bbox 389 2798 1973 2849; baseline 0.003 -14"><span class='ocrx_word' id='word_1_401' title='bbox 389 2798 712 2836; x_wconf 86' lang='lat' dir='ltr'>declamationes</span> <span class='ocrx_word' id='word_1_402' title='bbox 744 2798 926 2836; x_wconf 90' lang='lat' dir='ltr'>habeant</span> <span class='ocrx_word' id='word_1_403' title='bbox 956 2811 1080 2849; x_wconf 89' lang='lat' dir='ltr'>quam</span> <span class='ocrx_word' id='word_1_404' title='bbox 1113 2798 1327 2846; x_wconf 89' lang='lat' dir='ltr'>orationis,</span> <span class='ocrx_word' id='word_1_405' title='bbox 1359 2799 1470 2848; x_wconf 90' lang='lat' dir='ltr'>quod</span> <span class='ocrx_word' id='word_1_406' title='bbox 1500 2799 1544 2836; x_wconf 90' lang='lat' dir='ltr'>in</span> <span class='ocrx_word' id='word_1_407' title='bbox 1574 2799 1660 2838; x_wconf 89' lang='lat' dir='ltr'>illis</span> <span class='ocrx_word' id='word_1_408' title='bbox 1691 2813 1801 2848; x_wconf 89' lang='lat' dir='ltr'>vera,</span> <span class='ocrx_word' id='word_1_409' title='bbox 1833 2801 1878 2838; x_wconf 93' lang='lat' dir='ltr'>in</span> <span class='ocrx_word' id='word_1_410' title='bbox 1907 2801 1973 2839; x_wconf 92' lang='lat' dir='ltr'>his</span> 
     </span>
     <span class='ocr_line' id='line_1_40' title="bbox 389 2864 1975 2912; baseline 0.002 -10"><span class='ocrx_word' id='word_1_411' title='bbox 389 2864 629 2902; x_wconf 88' lang='lat' dir='ltr'>adsimilata</span> <span class='ocrx_word' id='word_1_412' title='bbox 658 2864 834 2902; x_wconf 89' lang='lat' dir='ltr'>materia</span> <span class='ocrx_word' id='word_1_413' title='bbox 864 2868 928 2902; x_wconf 88' lang='lat' dir='ltr'>est</span> <span class='ocrx_word' id='word_1_414' title='bbox 977 2865 1014 2912; x_wconf 90' lang='lat'>5,</span> <span class='ocrx_word' id='word_1_415' title='bbox 1038 2865 1089 2901; x_wconf 84' lang='grc'>14</span> <span class='ocrx_word' id='word_1_416' title='bbox 1114 2864 1439 2903; x_wconf 89' lang='lat' dir='ltr'>declamationes</span> <span class='ocrx_word' id='word_1_417' title='bbox 1461 2878 1558 2903; x_wconf 84' lang='lat' dir='ltr'>vero</span> <span class='ocrx_word' id='word_1_418' title='bbox 1580 2895 1588 2903; x_wconf 90' lang='lat'>.</span> <span class='ocrx_word' id='word_1_419' title='bbox 1613 2897 1619 2904; x_wconf 96' lang='lat'>.</span> <span class='ocrx_word' id='word_1_420' title='bbox 1644 2896 1652 2903; x_wconf 93' lang='lat'>.</span> <span class='ocrx_word' id='word_1_421' title='bbox 1676 2866 1711 2903; x_wconf 91' lang='lat' dir='ltr'>si</span> <span class='ocrx_word' id='word_1_422' title='bbox 1733 2868 1854 2905; x_wconf 90' lang='lat' dir='ltr'>modo</span> <span class='ocrx_word' id='word_1_423' title='bbox 1875 2871 1975 2905; x_wconf 87' lang='lat' dir='ltr'>sunt</span> 
     </span>
     <span class='ocr_line' id='line_1_41' title="bbox 389 2930 1971 2978; baseline 0.003 -10"><span class='ocrx_word' id='word_1_424' title='bbox 389 2931 443 2969; x_wconf 92' lang='lat' dir='ltr'>ad</span> <span class='ocrx_word' id='word_1_425' title='bbox 476 2930 697 2968; x_wconf 88' lang='lat' dir='ltr'>veritatem</span> <span class='ocrx_word' id='word_1_426' title='bbox 738 2930 1074 2968; x_wconf 84' lang='lat' dir='ltr'>adcommodatae</span> <span class='ocrx_word' id='word_1_427' title='bbox 1111 2934 1152 2968; x_wconf 90' lang='lat' dir='ltr'>et</span> <span class='ocrx_word' id='word_1_428' title='bbox 1188 2930 1444 2968; x_wconf 89' lang='lat' dir='ltr'>orationibus</span> <span class='ocrx_word' id='word_1_429' title='bbox 1482 2931 1654 2978; x_wconf 91' lang='lat' dir='ltr'>similes,</span> <span class='ocrx_word' id='word_1_430' title='bbox 1691 2945 1774 2969; x_wconf 89' lang='lat' dir='ltr'>non</span> <span class='ocrx_word' id='word_1_431' title='bbox 1808 2936 1971 2972; x_wconf 88' lang='lat' dir='ltr'>tantum</span> 
     </span>
    </p>
   </div>
   <div class='ocr_carea' id='block_1_3' title="bbox 2120 0 2262 70">
    <p class='ocr_par' dir='ltr' id='par_1_6' title="bbox 2120 0 2262 70">
     <span class='ocr_line' id='line_1_42' title="bbox 2120 0 2262 70; baseline 0 3154"><span class='ocrx_word' id='word_1_432' title='bbox 2120 0 2262 70; x_wconf 95' lang='lat' dir='ltr'> </span> 
     </span>
    </p>
   </div>
  </div>
 </body>
</html>
