2262 3224
806 233 1186 268 PROLEGOMENA.
1721 222 1803 264 lvii

191 362 383 404 quaeque
403 349 490 400 alia
526 350 580 390 89
601 348 742 389 oriens
763 349 1044 400 occidensque
1065 352 1108 389 et
1129 348 1338 401 quidquid
1377 349 1426 388 II
1447 349 1472 389 6
1502 348 1574 388 ΙΙΙ
1596 349 1649 389 52
1689 349 1800 388 Ann.

191 417 215 457 I
234 417 290 458 32
309 416 496 469 vigilias,
514 416 720 456 stationes
741 419 785 456 et
805 415 843 455 si
863 429 947 467 qua
967 416 1052 455 alia
1081 416 1135 456 35
1166 416 1214 454 II
1235 417 1288 455 33
1319 416 1393 454 III
1413 415 1467 455 28
1498 416 1590 454 XII
1611 416 1665 455 36
1696 416 1805 456 XIV

191 485 230 525 3.
252 485 290 524 5.
305 497 419 523 -ον
436 485 486 535 by
505 498 563 523 an
582 495 788 522 ADVERB:
824 496 857 523 c.
881 483 934 523 16
958 489 999 521 18
1019 486 1184 522 veteres
1205 486 1249 523 et
1269 483 1370 522 olim
1391 486 1514 522 natos
1554 483 1608 521 24
1626 489 1668 521 10
1688 496 1804 522 more

190 554 335 591 vetere
356 581 366 590 .
389 580 398 590 .
421 581 431 590 .
453 562 579 602 saepe
614 550 826 590 celebrato
875 550 953 601 Ag.
984 550 1038 589 14
1070 554 1213 590 vetere
1245 554 1288 589 et
1320 550 1403 589 iam
1436 550 1602 601 pridem
1634 554 1806 601 recepta

193 618 243 659 G.
263 618 291 657 2
319 616 573 658 vocabulum
600 629 745 656 recens
776 620 820 656 et
848 629 984 668 nuper
1014 617 1208 656 additum
1247 618 1272 656 5
1293 620 1479 656 veterem
1500 620 1543 655 et
1564 616 1638 655 diu
1657 620 1804 655 notam

192 684 247 725 13
276 683 585 724 robustioribus
617 696 665 723 ac
696 684 781 723 iam
813 683 979 735 pridem
1010 683 1202 735 probatis
1255 684 1308 723 41
1340 683 1550 723 inclutum
1582 686 1625 722 et
1654 687 1804 722 notum

191 751 294 792 olim
342 751 399 790 H.
422 751 471 790 ΙΙ
491 751 544 791 38
566 754 689 790 vetus
710 754 754 790 et
774 750 858 790 iam
888 751 1054 802 pridem
1084 750 1217 790 insita
1263 751 1317 790 53
1342 750 1427 806 (for
1447 750 1559 789 Ann.
1578 750 1626 788 II
1647 751 1700 790 53
1719 751 1726 789 Ξ
1757 750 1803 789 in

191 817 331 871 ka.)
361 830 496 857 novus
527 817 665 857 adhuc
697 821 740 857 et
768 848 776 856 .
801 848 808 856 .
833 848 841 856 .
869 830 1004 869 nuper
1034 817 1222 857 adscitus
1270 817 1382 856 Ann.
1406 818 1470 857 IV
1489 818 1543 856 34
1567 818 1638 873 (43
1660 817 1799 869 ka.)

191 897 302 925 novo
329 897 378 925 ac
406 887 499 924 tum
528 884 714 936 primum
743 884 889 923 audito
937 885 1055 923 XIII
1078 885 1131 924 19
1159 897 1241 923 non
1270 887 1417 923 vetera
1445 887 1488 922 et
1518 883 1686 935 saepius
1717 883 1803 922 iam

192 951 339 992 audita
375 952 459 992 XV
478 952 504 991 5
529 955 652 991 vetus
674 955 718 990 et
737 951 909 1002 penitus
931 951 1110 990 infixum
1149 951 1204 989 24
1225 950 1368 1002 priora
1387 954 1430 990 et
1450 950 1609 990 totiens
1632 951 1800 990 iactata.

247 1020 285 1058 d.
316 1018 405 1058 sine
433 1018 535 1057 with
563 1020 682 1057 sub-st.
705 1019 901 1069 followed
929 1019 979 1069 by
1008 1018 1110 1069 adj:
1150 1030 1183 1057 c.
1207 1019 1261 1057 40
1284 1024 1323 1056 11
1347 1017 1438 1056 sine
1466 1017 1681 1069 obsequio,
1709 1018 1801 1057 sine

192 1085 434 1135 severitate,
456 1089 696 1134 contumaX‚
723 1084 950 1124 temeraria
999 1085 1047 1124 Gr.
1075 1085 1129 1124 35
1160 1084 1252 1124 sine
1282 1084 1530 1136 cupiditate,
1556 1084 1648 1124 sine
1673 1084 1802 1135 impo-

190 1153 340 1202 tentia,
363 1152 499 1204 quieti
521 1152 769 1203 secretique.

247 1233 279 1260 e.
315 1220 400 1259 ,The
421 1221 502 1258 last
520 1221 694 1259 member
712 1219 748 1257 is
769 1219 1011 1270 amplzfled:
1046 1231 1078 1258 c.
1102 1220 1127 1258 6
1150 1226 1190 1257 11
1212 1222 1377 1258 veteres
1399 1222 1443 1258 et
1463 1231 1584 1258 senes
1606 1222 1650 1258 et
1669 1219 1801 1259 totius

191 1287 306 1327 orbis
326 1287 465 1338 gratia
488 1286 691 1326 subnixos
731 1287 820 1326 922
842 1285 1076 1325 amicitiam
1097 1316 1105 1324 .
1130 1316 1138 1324 .
1163 1316 1171 1324 .
1195 1285 1438 1325 clientelam
1460 1316 1468 1324 .
1493 1316 1501 1324 .
1525 1316 1533 1324 .
1557 1298 1802 1324 mansurum

190 1354 238 1393 in
260 1353 402 1394 animo
426 1353 677 1393 beneficium
721 1354 774 1392 13
797 1359 838 1391 18
868 1351 1229 1391 sollicitudinibus
1260 1356 1303 1391 et
1333 1352 1445 1392 curis
1477 1356 1520 1391 et
1549 1352 1803 1392 necessitate

191 1420 347 1461 cotidie
367 1420 533 1472 aliquid
553 1423 700 1459 contra
719 1419 906 1459 animum
934 1419 1121 1458 faciendi
1160 1419 1213 1458 30
1231 1425 1252 1458 9
1272 1419 1391 1458 labor
1413 1449 1421 1458 .
1446 1450 1454 1458 .
1478 1450 1486 1458 .
1509 1419 1730 1459 meditatio
1760 1423 1804 1458 et

191 1487 239 1527 in
271 1487 388 1527 omni
421 1499 575 1540 genere
610 1486 848 1526 studiorum
868 1486 1085 1525 >adsiduae
1120 1485 1448 1525 exercitationes
1506 1487 1558 1526 31
1584 1493 1627 1524 22
1654 1486 1698 1525 ff.
1736 1487 1805 1525 ad-

192 1554 390 1595 strictum
428 1557 472 1594 et
510 1554 736 1594 collectum
775 1557 820 1593 et
858 1553 1028 1604 singula
1067 1553 1214 1592 statim
1257 1557 1507 1604 argumenta
1550 1553 1803 1593 concludens

192 1621 362 1662 dicendi
381 1634 513 1672 genus
530 1651 539 1660 .
559 1651 575 1660 ,
587 1652 596 1660 .
615 1621 714 1660 fusa
733 1624 777 1660 et
797 1620 987 1671 aequalis
1009 1623 1052 1659 et
1072 1633 1125 1659 ex
1146 1620 1436 1659 communibus
1463 1621 1591 1659 ducta
1610 1620 1803 1660 sensibus

191 1688 328 1728 oratio
365 1687 445 1739 Ag.
464 1688 517 1728 13
542 1688 754 1727 delectum
775 1700 823 1727 ac
843 1687 1006 1727 tributa
1033 1691 1075 1726 et
1105 1687 1298 1726 iniuncta
1327 1687 1497 1738 imperii
1527 1700 1702 1726 munera
1750 1688 1802 1726 41

190 1755 380 1807 vigorem
400 1758 445 1795 et
464 1755 749 1795 constantiam
770 1758 813 1793 et
833 1758 1056 1806 expertum
1076 1753 1180 1793 belli
1201 1753 1389 1793 animum
1434 1754 1483 1794 G.
1506 1755 1559 1793 33
1582 1754 1804 1805 superbiae

191 1822 290 1863 odio
306 1853 315 1862 .
333 1852 342 1862 .
361 1853 370 1861 .
389 1823 570 1873 praedae
596 1821 819 1861 dulcedine
842 1852 850 1860 .
874 1851 882 1860 .
907 1852 915 1860 .
940 1822 1086 1860 favore
1109 1821 1292 1872 quodam
1312 1833 1412 1871 erga
1431 1834 1507 1860 nos
1529 1821 1702 1860 deorum
1746 1822 1802 1859 H.

192 1889 215 1928 I
237 1889 290 1929 18
321 1889 511 1928 tonitrua
539 1892 583 1928 et
612 1889 785 1939 fulgura
813 1892 857 1927 et
887 1888 1090 1927 caelestes
1120 1887 1260 1927 minae
1290 1888 1404 1926 ultra
1433 1887 1608 1927 solitum
1653 1889 1726 1926 III
1751 1889 1804 1927 25

192 1955 444 1996 miraculum
464 1959 507 1995 et
527 1959 702 2007 questus
724 1958 768 1994 et
784 1954 1024 1994 saevissimi
1044 1954 1148 1993 belli
1168 1954 1380 1994 execratio
1415 1955 1467 1993 41
1485 1954 1550 1993 vis
1568 1958 1610 1993 et
1626 1955 1808 2006 pecunia

193 2026 238 2062 et
275 2022 440 2062 ruentis
479 2022 677 2061 fortunae
716 2021 949 2060 novissima
987 2021 1120 2060 libido
1180 2021 1243 2060 IV
1272 2022 1327 2059 44
1359 2021 1532 2071 ingenia
1560 2025 1603 2060 et
1632 2034 1732 2072 opes
1763 2025 1806 2060 et

193 2089 383 2130 exercita
411 2089 535 2128 malis
565 2089 728 2128 artibus
759 2088 954 2140 potentia
1002 2087 1113 2126 Ann.
1141 2088 1163 2126 I
1187 2088 1238 2126 41
1262 2088 1398 2139 pudor
1419 2118 1427 2126 .
1451 2118 1459 2126 .
1484 2118 1492 2126 .
1517 2087 1734 2127 miseratio
1764 2092 1807 2127 et

194 2156 330 2209 patris
370 2155 600 2207 Agrippae,
637 2155 823 2206 Augusti
858 2155 927 2194 avi
958 2154 1162 2193 memoria
1219 2155 1267 2192 II
1296 2155 1348 2192 14
1378 2154 1469 2205 pila
1498 2158 1541 2193 et
1571 2154 1732 2205 gladios
1764 2158 1807 2194 et

195 2223 416 2263 haerentia
449 2222 616 2274 corpori
650 2222 840 2272 tegmina
897 2223 950 2261 69
986 2221 1174 2260 carmina
1213 2224 1256 2260 et
1295 2221 1540 2260 devotiones
1577 2225 1620 2260 et
1654 2234 1808 2260 nomen

197 2289 440 2331 Germanici
469 2289 680 2341 plumbeis
710 2288 869 2328 tabulis
900 2288 1162 2339 insculptum
1219 2288 1337 2327 XIII
1369 2288 1394 2327 8
1430 2300 1603 2339 corpore
1643 2288 1805 2339 ingens,

194 2356 336 2396 verbis
357 2356 594 2407 magnificis
616 2359 659 2395 et
680 2368 807 2407 super
823 2354 1132 2406 experientiam
1153 2354 1493 2406 sapientiamque
1515 2355 1645 2394 etiam
1666 2355 1806 2406 specie

196 2423 389 2463 inanium
409 2422 576 2462 validus
621 2423 705 2462 XV
725 2424 750 2462 6
770 2422 934 2461 tributa
953 2434 1001 2461 ac
1021 2421 1136 2472 leges
1163 2425 1206 2460 et
1231 2434 1308 2472 pro
1337 2421 1487 2461 umbra
1515 2422 1627 2472 regis
1659 2422 1808 2461 Romae

197 2503 300 2529 num
319 2490 398 2529 ius,

253 2557 333 2597 We
363 2569 460 2608 may
489 2569 585 2595 now
615 2555 766 2608 briefly
797 2555 1045 2595 summarise
1076 2555 1149 2594 the
1180 2558 1424 2606 arguments
1452 2555 1498 2594 in
1524 2555 1646 2595 favor
1665 2555 1712 2595 of
1735 2556 1808 2595 the
1832 2561 2032 2602 Summam.

203 2624 400 2663 Tacitean
430 2623 675 2674 authorship
707 2623 753 2662 of
786 2623 860 2661 the
892 2622 1108 2672 Dicamus,
1142 2622 1369 2673 presented
1400 2621 1446 2660 in
1474 2622 1549 2662 the
1581 2623 1810 2674 preceding

198 2703 339 2743 pages.
401 2690 445 2729 It
473 2690 550 2730 has
580 2690 688 2729 been
719 2689 890 2729 shown:

256 2758 319 2812 (1)
350 2757 462 2796 That
481 2757 555 2797 the
575 2756 810 2808 testimony
830 2756 877 2795 of
896 2756 969 2795 the
991 2756 1113 2795 MSS.
1138 2755 1174 2794 is
1195 2755 1556 2807 unimpeachable.

259 2824 322 2879 (2)
353 2823 464 2863 That
494 2824 566 2863 the
596 2823 772 2863 treatise
803 2826 959 2862 cannot
987 2822 1179 2874 possibly
1199 2822 1307 2862 have
1327 2822 1434 2862 been
1454 2824 1678 2874 composed
1698 2824 1810 2863 after

199 2889 274 2930 the
295 2889 415 2940 reign
435 2890 482 2929 of
502 2890 625 2929 Titus
648 2890 835 2945 (79-81).
