2262 3224
504 200 561 243 44
1041 215 1078 246 P.
1128 214 1358 246 CORNELII
1389 215 1555 248 TACITI

503 332 663 383 potest,
682 329 769 370 nisi
791 333 844 371 ut
864 330 1072 371 scientiae
1096 329 1338 380 meditatio,
1363 330 1641 373 meditationi
1663 331 1866 383 facultas,
1885 333 2095 377 facultati

437 420 480 452 20
503 427 605 454 usus
624 413 904 468 eloquentiae
927 413 1117 455 accedat.
1172 428 1251 468 per
1271 429 1384 469 quae
1403 415 1631 471 colligitur
1648 416 1832 458 eandem
1849 431 1941 460 esse
1963 419 2096 460 ratio·

504 509 604 536 nem
627 500 673 537 et
692 496 964 551 percipiendi
987 511 1100 551 quae
1123 495 1318 551 proferas
1341 502 1387 539 et
1407 497 1658 552 proferendi
1689 514 1801 555 quae
1830 501 2093 556 perceperis.

503 577 581 619 sed
609 579 648 619 si
681 579 752 620 cui
779 578 1029 620 obscuriora
1049 579 1157 620 haec
1175 561 1387 621 videntur
1407 581 1532 636 isque
1554 582 1785 623 scientiam
1807 583 1861 625 ab
1882 584 2095 626 exercita-

503 662 623 703 tione
650 666 837 716 separat,
872 661 988 702 illud
1020 667 1136 704 certe
1171 662 1395 713 concedet,
1430 664 1698 706 instructum
1731 670 1776 707 et
1806 666 1991 720 plenum
2021 666 2092 709 his

503 744 670 785 artibus
703 745 899 785 animum
931 745 1062 801 longe
1088 745 1353 801 paratiorem
1381 746 1438 787 ad
1466 761 1536 788 eas
1567 748 1904 790 exercitationes
1933 754 2093 792 ventu-

437 835 480 866 25
504 841 614 875 rum,
638 840 752 880 quae
775 827 974 881 propriae
999 842 1083 868 esse
1106 834 1319 869 oratorum
1340 828 1561 870 videntur.

564 907 641 952 34.
709 909 828 965 Ergo
851 909 970 964 apud
991 910 1175 952 maiores
1198 915 1370 952 nostros
1392 911 1566 954 iuvenis
1589 912 1671 973 ille
1689 913 1768 968 qui
1800 912 1895 955 foro
1928 918 1974 956 et
2005 914 2093 956 elo-

504 992 709 1046 quentiae
742 992 989 1046 parabatur,
1015 992 1212 1034 imbutus
1245 993 1332 1034 iam
1359 993 1598 1036 domestica
1621 994 1867 1050 disciplina,
1900 996 2091 1040 refertus

502 1073 699 1115 honestis
722 1074 883 1116 studiis
906 1074 1207 1117 deducebatur
1239 1090 1263 1117 a
1294 1082 1418 1132 patre
1451 1077 1524 1119 vel
1556 1091 1581 1118 a
1612 1079 1873 1134 propinquis
1906 1079 1962 1121 ad
1987 1094 2091 1122 eum

503 1161 718 1198 oratorem
740 1158 818 1212 qui
840 1158 1085 1213 principem
1107 1159 1154 1199 in
1181 1159 1362 1201 civitate
1392 1160 1540 1201 locum
1573 1160 1812 1202 obtinebat.
1877 1161 1996 1204 hunc
2028 1176 2092 1205 se-

460 1248 479 1281 5
503 1240 624 1289 ctari,
652 1240 771 1281 hunc
803 1241 1024 1296 prosequi,
1049 1241 1182 1283 huius
1216 1242 1419 1283 omnibus
1454 1242 1720 1285 dictionibus
1753 1244 1963 1287 interesse
1995 1246 2090 1288 sive

502 1323 548 1363 in
581 1322 757 1364 iudiciis
790 1324 883 1365 sive
910 1324 958 1364 in
980 1324 1259 1365 contionibus
1282 1324 1580 1375 adsuescebat,
1604 1326 1667 1367 ita
1699 1331 1751 1367 ut
1782 1327 2090 1370 altercationes

502 1420 680 1460 quoque
714 1406 936 1460 exciperet
966 1411 1012 1447 et
1043 1407 1199 1462 iurgiis
1232 1407 1474 1457 interesset,
1510 1412 1650 1463 utque
1683 1409 1744 1450 sic
1778 1409 1978 1460 dixerim,
2012 1425 2092 1466 pu·
2143 1412 2148 1417 '

501 1502 635 1544 gnare
657 1488 705 1528 in
730 1489 897 1542 proelio
920 1488 1120 1530 disceret.
1186 1504 1373 1545 magnus
1407 1505 1461 1531 ex
1494 1490 1576 1532 hoc
1609 1505 1729 1541 usus,
1764 1492 1958 1533 multum
1991 1507 2092 1534 con-

500 1571 701 1620 stantiae,
746 1571 989 1625 plurimum
1031 1571 1185 1612 iudicii
1228 1559 1463 1614 iuvenibus
1506 1574 1656 1614 statim
1700 1574 1997 1630 contingebat,
2041 1576 2089 1618 in

436 1665 477 1695 10
501 1652 644 1694 media
675 1653 774 1694 luce
808 1652 1092 1694 studentibus
1125 1659 1259 1708 atque
1292 1655 1409 1696 inter
1440 1655 1534 1709 ipsa
1567 1655 1832 1706 discrimina,
1857 1656 1932 1698 ubi
1958 1672 2088 1700 nemo

500 1737 681 1791 impune
714 1737 852 1777 stulte
886 1736 1057 1791 aliquid
1089 1742 1168 1778 aut
1201 1738 1415 1779 contrarie
1450 1737 1571 1788 dicit,
1597 1753 1685 1793 quo
1715 1740 1862 1781 minus
1884 1745 1930 1782 et
1951 1740 2087 1783 iudex

499 1823 679 1873 respuat
711 1823 756 1860 et
788 1818 1063 1860 adversarius
1096 1819 1342 1874 exprobret,
1367 1820 1451 1874 ipsi
1485 1819 1677 1875 denique
1711 1821 1914 1864 advocati
1947 1837 2089 1878 asper-

499 1906 675 1943 nentur.
739 1901 879 1957 igitur
900 1915 1003 1943 vera
1024 1902 1175 1942 statim
1197 1907 1243 1943 et
1270 1902 1525 1957 incorrupta
1554 1903 1808 1958 eloquentia
1836 1904 2090 1961 imbueban-

498 1989 603 2034 tur3
638 1989 683 2025 et
712 1998 981 2039 quamquam
1014 1999 1155 2025 unum
1187 1990 1491 2040 sequerentur,
1523 1990 1671 2027 tamen
1704 2001 1855 2029 omnes
1889 1987 2086 2043 eiusdem

434 2078 475 2109 15
499 2068 654 2109 aetatis
676 2071 883 2122 patronos
915 2067 963 2108 in
994 2067 1197 2122 plurimis
1227 2072 1274 2109 et
1302 2068 1444 2109 causis
1467 2073 1513 2110 et
1534 2068 1710 2110 iudiciis
1734 2070 2085 2125 cognoscebant3

498 2181 525 2205 r.
545 2175 619 2203 tam
636 2181 667 2204 v.
695 2171 919 2210 —Muretas,
938 2171 1006 2204 Ms.
1026 2171 1083 2204 Pt.
1103 2171 1168 2204 Ml.
1188 2171 1284 2205 And.
1305 2175 1450 2213 tamque
1473 2182 1505 2205 v.
1518 2173 1694 2213 —Halm,
1715 2173 1782 2212 Wf.
1802 2177 1857 2206 tot
1872 2184 1899 2207 r.
1919 2178 1982 2207 aut
1997 2185 2029 2209 V.
2042 2195 2087 2200 —

497 2227 699 2266 Nipperdey
715 2229 769 2258 tot
790 2229 864 2258 tam
881 2235 950 2258 rec.
973 2229 1036 2258 aut
1051 2235 1083 2258 v.
1096 2226 1326 2258 -Baehrens
1342 2230 1417 2258 tam
1434 2237 1465 2260 v.
1485 2231 1548 2259 aut
1571 2237 1628 2259 rec
1639 2228 1791 2262 —Iohn.
1843 2230 1884 2261 19
1900 2230 1968 2261 nisi
1982 2230 2087 2262 sic—-

498 2282 584 2314 coni.
610 2282 794 2314 Baehrens,
843 2281 1011 2314 ut—del.
1038 2281 1236 2314 Acidalius.
1286 2283 1329 2313 20
1352 2283 1627 2315 usus—emend.
1656 2283 1745 2314 idem
1769 2283 2013 2317 vis—ABCE
2031 2285 2086 2317 ius

496 2337 583 2368 —D
615 2337 710 2368 iis—
720 2337 763 2368 V.
828 2336 1051 2377 eloquentiae
1062 2355 1107 2360 —
1120 2336 1200 2369 incl.
1232 2336 1374 2376 Sauppe
1403 2337 1558 2376 fortasse
1587 2339 1673 2370 recte
1707 2338 1760 2370 vis
1790 2338 2029 2379 experientiae
2040 2359 2086 2364 —

498 2392 682 2424 Baehrens.
733 2391 982 2423 tandem—D.
1023 2392 1063 2422 21
1083 2391 1370 2431 percipis—AB.
1418 2392 1461 2423 23
1477 2393 1669 2431 sepet-—D
1686 2393 1873 2424 videantur
1890 2418 1896 2425 .
1919 2418 1926 2425 .
1947 2398 2086 2434 separet

496 2447 733 2479 -Baehrens.
775 2446 948 2478 illud—b
965 2445 1062 2478 CEV
1084 2445 1120 2477 id
1131 2446 1219 2477 —D
1236 2446 1460 2478 istud—AB
1478 2447 1544 2480 Ms.
1563 2447 1600 2489 (i.
1617 2457 1643 2480 e.
1660 2446 1714 2490 id).
1758 2448 1800 2479 24
1817 2448 2085 2488 paratiorem—
2116 2471 2121 2479 .

498 2502 625 2534 emend.
645 2502 789 2540 Lipsius
804 2503 927 2541 parate
937 2520 981 2524 —
991 2501 1121 2532 DEVA
1144 2504 1272 2541 paratu
1280 2520 1325 2524 —
1333 2502 1362 2532 B
1383 2505 1502 2542 aperte
1510 2522 1555 2526 —
1564 2502 1591 2534 C
1613 2505 1694 2542 pate
1703 2521 1747 2526 —
1754 2502 1789 2534 A
1805 2506 2032 2543 superantem
2039 2524 2084 2528 —

503 2556 646 2589 Vahlen.
692 2557 734 2588 25
759 2565 833 2587 esse
851 2559 1032 2588 oratorum
1042 2575 1086 2580 —
1097 2556 1138 2588 R.
1159 2555 1191 2586 A
1197 2556 1330 2596 aricola
1345 2559 1381 2587 et
1397 2559 1606 2588 ornaturum
1616 2576 1661 2580 -——
1673 2557 1810 2588 ABDV
1825 2560 1861 2589 et
1877 2562 2084 2590 ornatorum

496 2631 541 2635 —
551 2611 578 2643 C
595 2621 639 2642 ex
658 2616 866 2643 ornaturum
877 2613 960 2643 —E
979 2612 1073 2644 circa
1092 2612 1286 2644 oratorium
1296 2613 1373 2644 —b
1389 2613 1428 2644 in
1445 2622 1552 2653 mary.
1576 2614 1606 2644 et
1622 2613 1700 2645 edit.
1716 2622 1772 2652 pr.
1793 2613 1886 2646 circa
1902 2617 2084 2646 oratorum

496 2686 541 2690 —
551 2666 631 2698 Put.
652 2670 832 2698 oratorum
842 2687 887 2691 —
897 2667 1034 2699 Brotier
1049 2668 1289 2699 exornatrices
1305 2671 1485 2699 oratorum
1495 2687 1540 2692 —
1549 2669 1636 2701 coni.
1657 2668 1841 2701 Baehrens.
1911 2656 1920 2671 ¹

543 2722 608 2761 34,
656 2723 676 2752 2
700 2723 1032 2762 praeparabatur—
1042 2722 1154 2754 Rz‘tter
1172 2722 1335 2766 (Novak).
1386 2723 1404 2755 7
1423 2723 1601 2764 exciperet
1611 2743 1655 2747 —
1665 2724 1796 2756 Belclcer
1819 2725 1979 2766 excipere
1989 2743 2034 2748 —
2044 2737 2077 2757 ω.

498 2776 681 2808 interesset
690 2796 734 2800 —-
744 2777 834 2808 idem
851 2777 1019 2809 interesse
1027 2796 1071 2801 —
1080 2789 1104 2808 ω
1119 2786 1156 2809 se
1173 2777 1326 2809 inserere
1334 2797 1379 2801 —
1391 2777 1504 2810 Orelli.
1541 2778 1560 2809 8
1577 2787 1726 2819 magnus
1735 2798 1780 2803 —
1788 2780 1817 2810 B
1834 2789 1981 2821 magnos
1990 2799 2034 2803 —
2044 2792 2078 2813 ω.

497 2831 719 2871 multumque
730 2850 773 2854 -—-
785 2832 824 2863 B.
876 2833 914 2862 11
942 2831 1086 2872 impune
1096 2851 1140 2855 —
1150 2832 1213 2864 del.
1234 2832 1367 2864 Novak.
1419 2833 1459 2863 12
1485 2833 1674 2872 exprobret
1683 2852 1727 2856 —-
1739 2833 1834 2865 ABC
1858 2834 2028 2875 exprobet
2037 2853 2082 2859 —

497 2886 563 2917 DE
580 2886 791 2925 exprobaret
801 2905 845 2909 —
855 2887 896 2917 V.
950 2886 989 2918 13
1007 2885 1213 2927 incorrupta
1229 2896 1314 2919 corr.
1335 2896 1374 2919 ex
1393 2890 1612 2928 corrupta—
1622 2888 1662 2919 B.
1715 2889 1756 2919 16
1771 2888 1892 2929 populi
1916 2889 2083 2921 et—EV
