2262 3224
402 199 490 241 318
1116 212 1280 245 NOTEs.

401 326 474 364 the
495 325 626 376 figure
646 327 809 365 termed
829 328 1122 377 ἀντιμεταβολή,
1145 327 1427 376 commutatio,
1444 327 1584 367 which
1603 328 1640 366 is
1661 328 1826 368 defined
1843 329 1900 381 by
1919 329 1993 369 the

402 391 525 430 Auct.
549 393 602 431 ad
622 393 722 431 Her.
741 393 805 432 IV
824 393 890 440 28,
908 393 984 431 39:
1012 393 1282 431 commutatio
1303 396 1367 431 est
1388 406 1481 432 cum
1501 394 1606 433 duae
1627 395 1861 434 sententiae
1882 395 1994 434 inter

403 470 446 496 se
469 458 756 508 discrepantes
778 471 829 496 ex
850 458 1148 497 transiectione
1177 458 1237 497 ita
1264 459 1496 497 efferuntur
1515 463 1564 498 ut
1584 472 1609 498 a
1629 460 1766 511 priore
1787 461 1993 511 posterior

401 524 611 563 contraria
639 524 770 575 priori
800 524 1088 575 proficiscatur
1118 537 1150 563 6.
1175 538 1210 574 g.
1240 537 1389 575 poema
1416 525 1592 576 loquens
1622 526 1799 577 pictura,
1829 527 1994 578 pictura

400 590 579 628 tacitum
617 603 767 641 poema
806 590 930 629 debet
969 603 1072 639 esse,
1105 591 1246 629 which
1280 590 1315 629 is
1351 604 1376 630 a
1409 592 1661 630 translation
1697 592 1743 631 of
1781 605 1806 632 a
1844 593 1994 644 saying

401 656 592 695 ascribed
625 660 669 695 to
707 656 942 695 Simonides
974 669 1039 707 ap.
1062 657 1174 695 Plut.
1199 657 1365 703 Quaest.
1389 658 1515 697 Conv.
1543 658 1609 696 IX
1638 659 1662 697 5
1699 660 1895 711 ζωγραφία
1927 660 1995 710 μέν

403 726 486 761 ἐστι
515 723 758 775 φθεγγομένη
778 724 802 773 ἡ
823 723 986 775 ποίησις,
1009 724 1160 774 ποίησις
1191 723 1228 762 δὲ
1259 726 1409 776 σιγῶσα
1432 725 1455 774 ἡ
1481 725 1688 777 ζωγραφία.
1749 725 1812 764 Cf.
1836 725 1918 764 Cio.
1941 725 1992 764 de

402 792 503 826 orat.
528 789 549 826 Ι
571 789 636 837 39,
660 789 739 827 180
779 788 897 827 Brut.
921 789 986 837 39,
1004 789 1085 827 144
1109 789 1344 844 (Scaevola)
1368 789 1472 828 iuris
1493 790 1723 840 peritorum
1744 791 1993 841 eloquentis-

402 854 545 903 simus,
576 854 865 905 eloquentium
894 854 998 893 iuris
1029 855 1312 906 peritissimus
1362 868 1437 906 pro
1463 855 1627 895 Cluent.
1649 857 1687 904 2,
1711 857 1736 895 5
1766 860 1814 895 ut
1837 861 1880 895 et
1902 857 1992 896 sine

401 921 564 960 invidia
592 921 716 971 culpa
744 921 967 972 plectatur,
991 925 1033 960 et
1055 922 1145 960 sine
1166 922 1290 973 culpa
1310 922 1473 961 invidia
1492 926 1683 973 ponatur.
1743 924 1796 961 In
1823 923 1992 963 Tacitus

401 1000 434 1025 e.
454 1001 489 1037 g.
514 1000 545 1026 c.
569 988 622 1026 39
647 994 667 1024 2
698 987 924 1026 ridiculum
952 987 1165 1026 videbitur
1195 989 1307 1038 quod
1336 988 1524 1027 dicturus
1555 1001 1659 1038 sum,
1687 989 1822 1028 dicam
1850 993 1994 1029 tamen

400 1054 469 1092 vel
493 1053 587 1092 ideo
613 1057 661 1092 ut
688 1053 876 1092 rideatur
915 1054 970 1092 H.
994 1054 1017 1092 1
1039 1054 1062 1092 1
1090 1054 1162 1092 ubi
1184 1054 1339 1092 sentire
1366 1067 1471 1105 quae
1499 1055 1605 1093 velis
1634 1059 1676 1094 et
1703 1068 1808 1106 quae
1835 1056 1992 1095 sentias

400 1120 539 1158 dicere
570 1120 671 1158 licet
719 1121 767 1158 II
788 1121 840 1159 37
870 1123 918 1159 ut
948 1120 1021 1171 qui
1053 1133 1198 1171 pacem
1230 1120 1332 1159 belli
1359 1133 1497 1159 amore
1524 1121 1808 1170 turbaverant,
1836 1122 1993 1160 bellum

400 1186 515 1237 pacis
547 1186 722 1225 caritate
753 1187 1010 1237 deponerent
1049 1187 1121 1224 III
1143 1188 1195 1225 73
1226 1199 1331 1237 quae
1362 1186 1555 1236 iusserat,
1577 1191 1731 1236 vetare,
1754 1200 1859 1238 quae
1878 1191 1994 1227 vetu-

400 1256 501 1301 erat,
525 1252 666 1291 iubere
691 1253 775 1291 and
794 1253 975 1304 perhaps
998 1265 1031 1291 c.
1054 1253 1107 1291 28
1131 1259 1171 1290 18
1200 1253 1339 1291 where
1361 1266 1428 1291 see
1449 1253 1540 1292 crit.
1567 1257 1676 1292 note.
1737 1254 1838 1292 This
1862 1253 1992 1304 figure

400 1318 436 1356 is
459 1318 547 1357 also
567 1331 670 1369 very
691 1331 882 1357 common
908 1318 954 1356 in
982 1319 1155 1357 modern
1175 1319 1339 1357 writers
1371 1332 1403 1357 e.
1423 1333 1459 1369 g.
1485 1319 1782 1370 Shakespeare,
1805 1320 1991 1369 Hamlet,

400 1385 486 1423 'Tis
517 1388 623 1433 true,
646 1385 717 1423 ’tis
748 1385 852 1436 pity,
875 1385 958 1423 and
986 1384 1080 1436 pity
1101 1385 1183 1433 'tis,
1207 1385 1275 1423 'tis
1299 1389 1405 1434 true,
1426 1386 1566 1424 which
1596 1399 1693 1437 may
1713 1386 1763 1424 be
1788 1386 1923 1425 added
1948 1381 2022 1446 tol·

398 1451 472 1490 the
504 1464 630 1502 many
662 1464 754 1489 exx.
789 1451 901 1490 cited
936 1451 1046 1489 from
1079 1451 1152 1489 the
1187 1451 1378 1501 English,
1410 1452 1575 1490 French
1608 1452 1691 1490 and
1726 1453 1908 1491 German
1936 1452 2006 1503 by'

402 1518 559 1557 Gerber
582 1518 628 1555 II
649 1531 688 1568 p.
711 1518 914 1556 212-016.
977 1517 1052 1556 See
1082 1517 1170 1556 also
1200 1517 1375 1568 Sandys'
1397 1521 1494 1556 note
1515 1521 1558 1556 to
1581 1518 1663 1557 Cic.
1689 1518 1801 1557 Orat.
1823 1519 1889 1567 39,
1911 1519 1992 1558 135

398 1584 482 1622 and
502 1583 742 1623 Volkmann
762 1585 882 1622 Rhet.
906 1597 944 1634 p.
967 1584 1059 1622 416.

454 1650 507 1688 22
540 1651 763 1689 scientiam
795 1650 846 1689 ab
880 1650 1180 1689 exercitatione
1213 1652 1401 1700 separat:
1444 1649 1547 1688 This
1577 1662 1661 1688 was
1693 1651 1811 1699 done,
1837 1651 1904 1689 for
1933 1650 1993 1688 in-

399 1719 555 1764 stance,
577 1716 633 1766 by
655 1715 835 1755 Cicero's
865 1715 1049 1764 brother,
1072 1727 1117 1753 as
1138 1727 1200 1753 we
1224 1715 1343 1753 learn
1372 1715 1483 1754 from
1513 1716 1563 1754 de
1585 1719 1686 1754 orat.
1711 1716 1732 1754 Ι
1753 1716 1791 1765 2,
1813 1716 1838 1755 5
1869 1716 1993 1755 soles·

398 1795 478 1832 que
509 1794 823 1832 nonnumquam
853 1781 930 1820 hac
961 1782 1011 1820 de
1042 1794 1086 1820 re
1117 1794 1141 1820 a
1169 1793 1234 1820 me
1265 1781 1310 1819 in
1340 1781 1698 1832 disputationibus
1728 1782 1884 1820 nostris
1912 1782 1994 1821 dis-

398 1848 566 1897 sentire,
600 1849 712 1898 quod
743 1860 818 1897 ego
850 1847 1232 1886 eruditissimorum
1265 1847 1481 1885 hominum
1517 1847 1671 1886 artium
1707 1848 1992 1899 eloquentiam

397 1914 605 1953 contineri
642 1918 837 1962 statuam,
868 1917 916 1952 tu
950 1917 1090 1953 autem
1125 1913 1243 1952 illam
1275 1914 1326 1952 ab
1358 1914 1567 1963 elegantia
1606 1914 1819 1953 doctrinae
1859 1927 1992 1964 segre-

398 1982 577 2030 gandam
614 1984 737 2031 putes
773 1984 815 2019 et
850 1980 895 2018 in
929 1980 1109 2031 quodam
1149 1979 1291 2030 ingeni
1326 1984 1451 2030 atque
1491 1980 1806 2019 exercitationis
1841 1993 1992 2031 genere

398 2048 646 2097 ponendam,
671 2047 754 2085 and
773 2059 858 2085 was
880 2046 1108 2098 especially
1128 2046 1441 2085 characteristic
1463 2047 1508 2084 of
1529 2047 1601 2084 the
1625 2046 1758 2085 Stoics
1776 2061 1783 2085 :
1815 2047 1865 2085 de
1886 2049 1989 2085 orat.
2102 2057 2150 2084 ,Α
2192 2092 2195 2096 ,

398 2113 445 2151 II
467 2114 531 2161 38,
557 2113 636 2151 159
679 2113 751 2150 III
774 2113 838 2161 18,
862 2113 926 2151 65.
988 2113 1059 2163 Cp.
1086 2112 1351 2163 Seyff.-M·1·111.
1375 2112 1487 2151 Lael.
1512 2113 1558 2150 ΙΙ
1580 2113 1632 2151 10
1657 2115 1712 2167 (p.
1736 2113 1789 2151 46
1810 2111 1887 2159 ff).
2081 2160 2097 2164 ..

453 2180 507 2218 23
540 2179 735 2218 concedet
755 2178 861 2217 with
881 2191 962 2218 acc.
986 2191 1079 2217 cum
1101 2178 1192 2227 inf„
1213 2191 1257 2216 as
1279 2178 1323 2216 in
1344 2191 1376 2217 c.
1400 2178 1451 2216 12
1475 2179 1774 2228 19.—-p1enum
1793 2178 1899 2217 with
1917 2178 1991 2217 the
2051 2207 2061 2267 ἱ
2092 2178 2138 2221 Ἢ
2157 2226 2161 2228 ἡ

398 2245 477 2283 abl.
502 2245 568 2283 for
589 2245 661 2283 the
684 2257 796 2283 more
817 2245 939 2283 usual
960 2244 1157 2294 genitive.
1219 2243 1387 2282 Tacitus
1414 2256 1510 2282 uses
1537 2244 1641 2282 both
1671 2244 1988 2283 constructions.
2061 2279 2066 2291 ,,

398 2312 471 2362 Cp.
496 2313 595 2349 Lex.
623 2312 716 2349 Tac.
742 2323 772 2349 s.
791 2324 828 2349 v.
852 2312 924 2348 Dr.
944 2312 998 2349 H.
1021 2311 1060 2349 S.
1084 2311 1106 2348 I
1127 2311 1220 2357 559,
1243 2310 1383 2356 Quint.
1406 2310 1472 2348 IX
1493 2311 1531 2358 3,
1554 2310 1577 2348 1
1609 2310 1720 2348 cited
1751 2313 1795 2348 to
1826 2314 1923 2349 note
1954 2322 1987 2349 c.

397 2379 422 2416 3
446 2384 486 2415 14
517 2378 599 2416 and
629 2377 739 2415 Plin.
764 2377 840 2427 Ep.
865 2377 911 2414 H
934 2377 970 2424 1,
994 2378 1028 2415 7.

453 2445 505 2482 24
538 2445 792 2483 instructum
811 2468 818 2476 ·
842 2468 848 2475 -
871 2469 878 2475 ·
900 2444 1025 2494 longe
1049 2444 1328 2494 paratiorem·
1351 2467 1358 2476 ·
1380 2467 1387 2474 -
1408 2445 1652 2482 venturum·
1690 2443 1752 2482 Cf.
1772 2442 1854 2482 Cic.
1870 2443 1987 2482 Verr.

398 2511 418 2548 I
441 2512 478 2557 3,
502 2513 526 2549 7
550 2513 744 2560 paratum
767 2512 892 2559 atque
915 2509 1167 2547 instructum
1188 2509 1241 2547 ad
1262 2508 1463 2547 iudicium
1483 2508 1626 2546 venire
1667 2509 1781 2547 Orat.
1804 2509 1841 2557 5,
1864 2509 1917 2547 20
1938 2508 1991 2547 ad

398 2577 701 2626 permovendos
726 2607 734 2614 .
759 2606 766 2614 .
791 2606 799 2614 .
823 2575 983 2614 animos
1015 2575 1213 2613 instructi
1234 2578 1276 2613 et
1297 2574 1434 2625 parati
1482 2574 1599 2612 Brut.
1623 2575 1687 2622 76,
1709 2575 1789 2613 263
1819 2577 1989 2625 paratus

397 2643 449 2680 ad
471 2656 615 2682 causas
642 2643 827 2681 veniens.
843 2668 899 2672 —
914 2643 1024 2692 Zonqe
1040 2658 1086 2673 =
1101 2642 1245 2680 multo.
1307 2642 1369 2681 Cf.
1393 2644 1489 2679 note
1511 2653 1543 2678 c.
1566 2641 1619 2679 32
1644 2646 1675 2678 3.

452 2710 505 2747 25
538 2711 739 2750 videntur
760 2709 851 2748 ‘are
874 2709 1090 2759 generally
1112 2709 1210 2747 held
1229 2712 1273 2746 to
1294 2708 1371 2746 be.'
1421 2707 1484 2746 Cf.
1509 2691 1591 2746 (315.
1615 2707 1665 2744 de
1687 2710 1788 2745 orat.
1811 2707 1833 2744 Ι
1855 2707 1919 2755 12,
1936 2707 1990 2745 54

396 2780 510 2814 totus
549 2777 616 2814 hic
652 2776 767 2815 locus
803 2776 1147 2826 philosophorum
1183 2774 1376 2825 proprius
1408 2773 1587 2821 videtur,
1618 2773 1755 2810 where
1788 2784 1900 2811 some
1931 2771 1991 2809 in-

399 2843 526 2881 ferior
565 2843 686 2881 MSS.
720 2842 818 2880 read
853 2841 1076 2891 ‘putatur‚’
1108 2854 1161 2879 an
1197 2840 1367 2878 evident
1404 2839 1514 2889 gloss
1549 2838 1595 2876 of
1624 2837 1840 2877 ‘videtur'
1912 2837 1989 2876 See

400 2908 586 2948 Wilkins
617 2908 644 2946 l.
669 2921 700 2946 c.
764 2908 816 2945 So
847 2906 1054 2957 similarly
1085 2907 1186 2945 δοκεῖ
1218 2905 1261 2943 in
1293 2905 1370 2944 Gk.
