2262 3224
504 203 590 246 352
1217 219 1378 252 Norns.

502 330 673 370 Tacitus
709 344 814 371 even
847 333 892 371 in
925 333 992 372 his
1031 333 1250 373 historical
1289 335 1425 373 works
1466 336 1747 389 occasionally
1780 342 1910 378 wrote
1944 338 1990 378 in
2023 339 2091 380 his

502 397 651 435 earlier
671 410 856 437 manner.

556 464 609 502 33
643 465 938 514 proeliatores:
979 466 1049 504 An
1076 467 1307 518 extremely
1328 480 1419 506 rare
1440 468 1567 517 word,
1589 468 1681 507 first
1701 474 1786 509 met
1806 470 1912 509 with
1931 470 1976 509 in
1995 471 2087 512 Val.

500 530 613 568 MaX.
647 530 719 568 III
748 531 787 580 2,
818 532 871 569 24
906 532 1017 582 quod
1051 533 1104 571 ad
1133 532 1432 583 proeliatorum
1463 564 1471 573 .
1504 565 1511 573 .
1546 565 1554 573 .
1587 535 1882 575 fortitudinem
1920 537 2086 577 attinet.

501 596 621 635 Then
641 596 686 634 in
707 597 858 636 Iustin.
882 599 964 638 XV
983 599 1009 636 4
1030 602 1111 637 ext.
1136 600 1218 637 and
1238 599 1361 649 again
1382 600 1426 638 in
1448 602 1540 640 Tac.
1564 601 1674 640 Ann.
1698 603 1745 640 II
1766 605 1790 642 7
1793 604 1818 642 3
1848 604 1932 642 and
1955 603 1999 642 in
2021 603 2088 643 his

501 662 700 711 imitator,
723 663 858 702 Amm.
883 665 1069 703 Marcell.
1092 666 1202 704 XIX
1224 668 1260 714 7,
1279 666 1315 705 8.
1376 667 1440 704 Its
1469 671 1589 706 exact
1616 668 1817 718 analogue
1839 668 2088 720 ‘pugnator’

500 729 536 767 is
567 730 737 781 equally
767 743 859 769 rare
889 743 921 769 e.
942 744 977 781 g.
1011 731 1101 769 Liv.
1129 732 1279 771 XXIV
1304 732 1356 771 15
1395 732 1505 772 Plin.
1529 733 1580 772 N.
1605 734 1661 773 H.
1683 735 1811 773 XXX
1832 735 1896 784 15,
1918 736 1984 784 49,
2007 736 2088 775 142

502 795 614 833 Suet.
639 796 753 835 Caes.
776 797 829 835 39
851 800 932 834 ext.
968 797 1040 835 Sil.
1063 797 1159 835 Ital.
1183 798 1265 837 XV
1285 798 1376 837 598.

553 862 606 899 34
637 873 716 913 quo
741 886 748 894 ·
778 887 785 894 -
814 886 823 895 ·
852 874 1013 914 quoque
1037 887 1044 895 ·
1074 888 1081 895 -
1111 888 1118 895 ·
1147 866 1267 902 tanto
1297 863 1364 901 for
1394 866 1580 914 quanto.
1604 894 1612 902 .
1635 894 1644 902 .
1666 867 1797 913 tanto,
1825 864 1987 915 though
2014 864 2088 904 the

498 927 663 976 regular
693 928 945 966 correlation
975 928 1019 966 in
1048 928 1120 967 the
1150 928 1369 967 historical
1394 929 1530 967 works
1557 929 1602 967 of
1630 929 1811 978 Tacitus,
1834 930 1869 968 is
1890 930 2024 970 found
2042 930 2088 970 in

497 993 569 1031 the
600 993 736 1032 minor
765 994 957 1044 writings
988 994 1088 1045 only
1108 995 1207 1033 here
1232 995 1315 1033 and
1340 1008 1371 1033 c.
1396 996 1420 1034 6
1440 1001 1490 1033 10.
1552 996 1622 1033 Dr.
1650 995 1731 1034 Stil
1755 1009 1793 1046 p.
1818 998 1870 1035 73
1891 996 1994 1035 cites
2013 997 2087 1035 the

497 1063 668 1110 present
688 1072 863 1110 passage
884 1073 929 1098 as
950 1073 1003 1099 an
1024 1060 1212 1099 instance
1233 1061 1279 1099 of
1298 1061 1370 1099 the
1392 1061 1595 1112 complete
1617 1061 1748 1100 form!
1798 1062 1861 1102 Cf.
1884 1062 1972 1101 also
1993 1063 2084 1101 Ter.

497 1125 664 1163 Phorm.
690 1126 736 1163 II
758 1127 795 1174 2,
819 1127 871 1164 14
902 1139 983 1176 quo
1013 1126 1148 1176 magis
1178 1126 1289 1175 novi,
1311 1130 1431 1166 tanto
1453 1127 1618 1178 saepius
1659 1128 1741 1167 Cic.
1764 1128 1818 1166 ad
1837 1128 1936 1168 fam.
1958 1129 2000 1167 X
2018 1129 2085 1178 23,

497 1191 522 1229 5
553 1204 634 1242 quo
665 1192 797 1242 magis
820 1223 828 1230 .
853 1222 861 1230 .
886 1223 894 1230 .
917 1196 1037 1231 tanto
1069 1192 1269 1231 maiorem
1301 1194 1383 1232 and
1414 1193 1459 1231 in
1491 1194 1660 1244 general
1690 1194 1903 1233 Woelfflin
1931 1195 2084 1234 Philol.

496 1258 622 1296 XXV
642 1271 680 1308 p.
700 1258 779 1296 118
810 1258 964 1296 Archiv
984 1259 1006 1296 I
1028 1260 1080 1297 93
1101 1259 1144 1297 ff.
2008 1259 2013 1263 ’

551 1324 604 1362 35
636 1335 819 1375 quoque·
838 1349 846 1357 -
864 1349 871 1356 ·
890 1336 1109 1376 quoque:
1122 1329 1163 1363 et
1184 1338 1276 1375 quo.
1320 1326 1396 1364 See
1417 1330 1514 1364 note
1537 1339 1569 1365 c.
1593 1327 1617 1365 8
1635 1327 1958 1366 12.—intulerit
1976 1327 2086 1367 ictus

496 1393 538 1429 et
570 1391 801 1441 exceperit:
851 1390 953 1429 This
987 1390 1227 1430 ‘collocatio
1257 1392 1501 1430 verborum’
1535 1392 1571 1430 is
1604 1405 1792 1431 common
1824 1392 1868 1431 in
1900 1393 2111 1433 Tacitus.-

497 1456 560 1495 Cf.
584 1456 662 1506 Ag.
685 1457 739 1496 33
770 1456 944 1495 inventa
964 1457 1186 1496 Britannia
1206 1461 1248 1496 et
1269 1458 1441 1497 subacta
1486 1459 1534 1498 G.
1558 1459 1608 1497 11
1639 1462 1712 1497 aut
1738 1458 1958 1498 incohatur
1984 1459 2086 1499 luna

495 1525 568 1560 aut
598 1522 799 1572 impletur
843 1523 898 1561 H.
922 1523 944 1560 Ι
966 1524 1018 1562 47
1049 1523 1260 1562 omisisset
1291 1524 1470 1562 offensas
1501 1537 1555 1563 an
1584 1525 1820 1563 distulisset
1863 1525 1935 1563 III
1956 1526 1981 1565 9
2011 1529 2085 1565 aut

495 1592 779 1639 corrumperet
798 1588 963 1627 hostem
984 1592 1057 1627 aut
1077 1592 1254 1628 terreret
1295 1589 1404 1628 Ann.
1429 1591 1475 1628 II
1496 1591 1548 1629 38
1580 1590 1668 1629 sive
1689 1590 1944 1630 indulserint
1963 1591 2085 1642 largi-

493 1654 651 1692 tionem
686 1654 775 1693 sive
812 1654 1035 1693 abnuerint
1092 1656 1208 1693 XIII
1240 1656 1292 1693 12
1333 1656 1405 1706 qui
1439 1656 1683 1695 attulissent
1722 1657 1901 1695 salutem
1935 1660 1978 1696 et
2011 1657 2084 1708 qui

493 1720 754 1770 accepissent
797 1721 902 1759 XVI
927 1721 980 1758 24
1010 1725 1248 1759 tentaretne
1279 1722 1567 1760 defensionem
1597 1735 1650 1761 an
1681 1726 1897 1773 sperneret
1926 1724 2008 1762 and
2037 1735 2083 1762 so

494 1786 703 1837 similarly
723 1799 756 1825 c.
779 1787 833 1825 34
849 1792 892 1824 30
909 1786 938 1825 f.
963 1786 1051 1825 sive
1076 1787 1382 1826 accusationem
1410 1792 1649 1839 susceperat
1677 1788 1765 1827 sive
1795 1789 2083 1828 defensionem

492 1853 570 1902 Ag.
594 1853 647 1891 17
678 1856 751 1891 aut
771 1852 950 1891 victoria
969 1853 1210 1903 complexus
1232 1857 1296 1892 est
1317 1858 1389 1892 aut
1408 1854 1519 1893 bello
1563 1855 1615 1892 42
1646 1867 1721 1893 nec
1746 1854 1966 1904 Agricolae
1991 1868 2083 1895 con-

492 1918 636 1956 silium
657 1919 800 1957 deerat
819 1931 896 1957 nec
917 1919 1160 1957 Domitiano
1182 1920 1430 1970 exemplum.
1484 1921 1559 1959 See
1581 1920 1838 1970 Weinkauff,
1859 1934 1898 1972 p.
1918 1922 2009 1960 100.

547 1985 600 2023 36
632 1985 907 2035 desumpserit
921 2000 968 2016 =
984 1986 1222 2036 sumpserit.
1279 1986 1342 2025 Cf.
1365 1990 1462 2024 note
1485 1999 1516 2025 c.
1540 1989 1564 2026 7
1582 1992 1634 2024 17.
1690 1987 1778 2025 The
1798 1988 1913 2026 word
1932 1987 1969 2026 is
1990 2000 2082 2027 rare

491 2052 574 2089 and
595 2051 845 2102 apparently
864 2054 939 2089 not
966 2051 1098 2090 found
1122 2052 1266 2090 before
1289 2052 1421 2103 Livy:
1454 2053 1540 2091 VII
1561 2053 1613 2091 20
1644 2066 1739 2104 pop.
1762 2054 1880 2092 Rom.
1904 2084 1912 2092 .
1936 2083 1944 2092 .
1969 2083 1977 2092 .
2000 2053 2082 2093 sibi

492 2118 759 2156 desumerent
788 2117 953 2156 hostem
1001 2118 1243 2156 XXXVIII
1264 2119 1317 2156 45
1349 2118 1430 2156 sibi
1459 2119 1600 2157 hostes
1631 2120 1715 2158 des.
1738 2119 1847 2158 Plin.
1870 2120 1946 2170 Ep.
1969 2120 2081 2159 VIII

490 2184 556 2232 20,
590 2186 614 2223 7
650 2183 770 2234 quasi
805 2196 972 2222 cursum
1007 2187 1299 2234 certamenque
1336 2185 1571 2224 desumunt.
1632 2185 1752 2224 With
1782 2186 1854 2224 the
1885 2186 2078 2236 thought,

491 2249 544 2287 cf.
569 2249 652 2289 Cic.
676 2250 727 2288 de
749 2253 851 2288 orat.
875 2250 897 2287 I
917 2250 982 2298 34,
1006 2250 1086 2288 157
1117 2250 1331 2288 educenda
1360 2251 1510 2289 deinde
1542 2251 1670 2290 dictio
1693 2255 1758 2290 est
1778 2264 1829 2290 ex
1849 2251 1926 2290 hac
1947 2252 2082 2291 dome-

491 2316 598 2354 stica
627 2315 928 2354 exercitatione
956 2319 998 2354 et
1021 2315 1238 2354 umbratili
1269 2317 1453 2355 medium
1474 2317 1518 2355 in
1538 2330 1698 2367 agmen,
1721 2317 1765 2355 in
1785 2317 2013 2368 pulverem,
2035 2317 2081 2356 in

491 2381 727 2430 clamorem,
750 2381 796 2419 in
816 2385 955 2420 castra
975 2384 1100 2432 atque
1121 2381 1252 2420 aciem
1272 2382 1494 2421 forensem.

546 2449 599 2487 37
631 2449 761 2487 altior
785 2450 826 2487 et
851 2448 1072 2487 excelsior:
1115 2448 1345 2487 Combined
1374 2449 1419 2486 in
1450 2449 1533 2488 Cic.
1557 2450 1675 2488 Tusc.
1699 2449 1818 2499 Disp.
1842 2449 1888 2487 II
1908 2449 1947 2498 4,
1965 2449 2015 2488 11
2037 2453 2080 2488 te

490 2517 641 2552 natura
661 2514 874 2552 excelsum
895 2544 903 2552 .
927 2544 934 2552 .
960 2544 968 2552 .
992 2517 1034 2552 et
1055 2513 1187 2552 altum
1210 2544 1217 2551 .
1241 2544 1249 2552 .
1273 2544 1281 2552 .
1306 2514 1450 2563 genuit
1474 2518 1559 2569 (see
1580 2518 1678 2553 note
1700 2527 1731 2553 c.
1754 2516 1780 2552 4
1797 2514 1835 2566 3)
1867 2514 1977 2553 Plin.
2000 2515 2077 2565 Ep.

491 2579 557 2618 IX
578 2581 642 2628 26,
666 2581 689 2618 1
721 2579 820 2618 altis
851 2583 893 2618 et
923 2579 1099 2618 excelsis
1130 2579 1323 2618 adiacent
1352 2585 1588 2631 praerupta.
1649 2581 1720 2631 Cp.
1744 2581 1831 2619 also
1852 2593 1883 2619 c.
1907 2581 1960 2620 34
1975 2587 2018 2618 22
2034 2580 2077 2618 ff.

490 2646 543 2683 40
560 2647 932 2686 2.—-nobilitata:
983 2646 1046 2685 Cf.
1079 2658 1112 2684 e.
1136 2659 1171 2695 g.
1206 2647 1299 2684 Tac.
1333 2646 1388 2683 H.
1421 2647 1442 2684 I
1477 2647 1514 2695 2,
1547 2649 1571 2685 7
1606 2646 1854 2685 nobilitatus
1890 2646 2077 2685 cladibus

490 2712 647 2750 mutuis
678 2713 816 2750 Dacus
867 2712 950 2751 Cic.
973 2724 1048 2762 pro
1069 2712 1204 2750 Flacc.
1228 2712 1293 2760 26,
1317 2713 1368 2750 63
1400 2716 1587 2762 spectata
1615 2725 1662 2751 ac
1691 2713 1915 2752 nobilitata
1946 2713 2077 2751 virtus

491 2777 581 2815 Liv.
606 2778 628 2815 I
652 2778 717 2826 16,
739 2779 764 2815 4
796 2778 913 2816 1113111
944 2778 1120 2816 alteram
1153 2781 1225 2832 (sc.
1248 2778 1421 2829 famam)
1456 2810 1463 2817 .
1497 2809 1504 2816 .
1539 2808 1546 2816 .
1579 2779 1976 2818 nobilitavit—On
2004 2778 2077 2817 the

490 2843 672 2894 positive
693 2844 749 2894 by
769 2844 841 2882 the
863 2844 953 2882 side
976 2844 1021 2881 of
1040 2843 1112 2882 the
1133 2844 1428 2894 comparative,
1450 2844 1494 2881 in
1515 2844 1586 2882 the
1609 2857 1720 2883 same
1742 2845 1891 2892 clause,
1909 2844 1962 2883 cf.
1981 2845 2074 2883 Tac.
