2262 3224
1067 215 1108 250 c.
1135 215 1189 250 39.
1831 204 1917 247 361

316 331 383 382 19,
406 332 459 373 70
489 344 542 372 ex
561 331 726 384 ingenti
746 333 928 385 quodam
949 336 1158 373 oratorem
1178 332 1466 384 immensoque
1488 345 1635 383 campo
1656 331 1702 371 in
1721 332 1921 383 exiguum

317 410 418 438 sane
439 412 588 451 gyrum
608 399 864 450 compellitis
904 400 970 449 31,
993 400 1074 438 124
1101 403 1222 439 tanto
1241 402 1330 438 tam
1350 399 1638 450 immensoque
1660 411 1806 450 campo
1827 411 1922 438 cum

315 456 444 505 liceat
467 465 625 505 oratori
644 466 790 517 vagari
833 466 964 506 Acad.
986 466 1120 505 Prior.
1143 467 1209 515 35,
1233 466 1314 504 112
1345 478 1517 517 campus
1538 465 1584 504 in
1605 478 1687 517 quo
1709 466 1921 504 exsultare

316 532 453 584 possit
473 533 620 583 oratio,
642 545 715 572 cur
735 545 828 573 eam
847 536 990 572 tantas
1016 533 1062 571 in
1088 533 1305 583 angustias
1336 536 1379 571 et
1409 532 1455 571 in
1486 532 1722 572 Stoicorum
1753 533 1924 572 dumeta

317 599 609 651 compellimus
624 601 646 640 ’.Ρ
674 600 814 639 where
840 599 951 639 Reid
971 599 1076 639 cites
1107 612 1331 639 numerous
1361 599 1647 639 illustrations
1669 599 1780 638 from
1801 600 1924 638 other

317 665 495 705 writers.

373 733 399 772 8
429 733 557 774 liberi
581 736 624 774 et
647 734 799 774 soluti:
841 733 944 773 This
975 733 1226 785 synonymic
1256 733 1507 772 collocation
1528 733 1564 772 is
1586 746 1690 785 very
1710 733 1920 785 frequent.

319 799 384 839 cf.
415 812 450 838 e.
473 813 509 850 g.
543 799 627 840 Cic.
649 801 768 840 Verr.
802 800 850 839 ΙΙ
879 801 918 849 2,
942 801 1006 849 78,
1030 800 1111 839 192
1160 800 1273 839 Phil.
1296 801 1336 840 V
1356 800 1421 848 15,
1443 800 1496 839 41
1547 800 1598 838 de
1629 813 1715 851 rep.
1741 800 1804 840 IV
1830 801 1869 850 4,
1898 801 1924 839 4

318 866 441 906 Tusc.
463 866 583 918 Disp.
607 867 629 905 Ι
657 867 723 916 27,
746 868 798 906 66
846 867 944 906 Sall.
969 867 1058 907 Cat.
1082 868 1120 916 6,
1143 867 1167 906 1
1213 867 1326 905 Plin.
1349 867 1426 918 Ep.
1451 867 1498 905 II
1520 867 1586 916 11,
1608 868 1635 905 4
1675 867 1788 907 VIII
1811 868 1876 916 17,
1898 868 1925 906 4

317 932 473 983 Paneg.
491 933 557 972 80.
598 934 688 972 Not
707 934 753 972 in
774 933 1014 980 Quintilian
1034 946 1080 972 or
1101 934 1331 972 elsewhere
1352 933 1398 972 in
1415 933 1927 974 Tacitus—debilitatur

319 1011 369 1040 ac
392 1000 611 1052 frangitur
633 1000 659 1039 i.
678 1013 712 1039 e.
736 1000 829 1039 first
853 1000 1083 1039 weakened
1110 1001 1194 1039 and
1222 1000 1327 1039 then
1355 1000 1528 1039 broken.
1591 1001 1657 1040 On
1676 1001 1764 1040 this
1785 1014 1860 1040 use
1880 1001 1927 1040 of

319 1065 417 1115 ‘ac,'
449 1079 519 1105 see
549 1070 647 1106 note
678 1080 710 1107 c.
733 1068 808 1106 43.
879 1068 968 1106 The
1004 1080 1118 1106 same
1153 1067 1277 1106 verbs
1313 1080 1382 1106 are
1418 1067 1538 1106 often
1572 1068 1803 1107 combined.
1872 1069 1926 1107 In

318 1133 466 1173 Cicero
496 1133 654 1185 always
685 1134 731 1172 in
761 1135 919 1174 inverse
947 1135 1069 1173 order
1094 1137 1166 1190 (on
1187 1134 1327 1173 which
1347 1146 1416 1173 see
1437 1138 1535 1173 note
1557 1147 1590 1173 c.
1614 1135 1640 1173 4
1657 1134 1709 1187 3).
1762 1135 1825 1175 Of.
1849 1148 1926 1186 pro

318 1199 454 1239 Flacc.
477 1201 544 1250 26,
565 1201 618 1240 62
668 1201 719 1240 de
750 1205 853 1240 orat.
877 1202 899 1239 I
922 1203 959 1250 7,
981 1201 1046 1240 24.
1071 1201 1137 1250 26,
1161 1201 1240 1240 121
1291 1201 1345 1240 ad
1374 1201 1473 1240 fam.
1496 1202 1535 1241 V
1556 1202 1622 1250 13,
1644 1202 1670 1241 3
1710 1202 1820 1240 Plin.
1845 1203 1922 1254 Ep.

317 1267 433 1307 VIII
454 1267 520 1316 16,
542 1268 568 1307 3
598 1267 798 1307 debilitor
825 1271 868 1307 et
892 1267 1076 1319 frangor.
1139 1268 1203 1308 Cf.
1227 1266 1317 1306 al'so
1339 1269 1432 1307 Tac.
1456 1267 1568 1307 Ann.
1591 1268 1664 1306 III
1686 1270 1739 1308 67
1771 1269 1926 1308 exerci-

317 1337 407 1373 tam
427 1347 594 1386 quoque
615 1334 902 1386 eloquentiam
923 1335 1131 1374 debilitat.

371 1402 400 1441 9
430 1401 568 1453 ipsam
593 1402 698 1453 quin
723 1402 875 1442 immo:
908 1401 974 1442 On
994 1402 1067 1440 the
1089 1402 1359 1452 anastrophe,
1382 1401 1436 1441 cf.
1459 1405 1558 1441 no'te
1581 1415 1613 1442 c.
1637 1404 1662 1442 6
1689 1408 1926 1444 7.—curam

319 1470 362 1508 et
385 1468 610 1520 diligentis
634 1469 728 1509 stili
753 1469 1036 1509 anxietatem:
1068 1467 1094 1506 i.
1112 1481 1145 1507 e.
1168 1468 1241 1507 the
1263 1468 1388 1507 effort
1418 1468 1618 1507 involved
1647 1469 1692 1507 in
1722 1470 1795 1508 the
1817 1483 1925 1509 care-

318 1533 385 1573 ful
419 1534 607 1586 stylistic
641 1534 903 1573 elaboration
938 1535 984 1573 of
1015 1547 1040 1573 a
1074 1534 1239 1585 speech.
1301 1534 1367 1574 On
1401 1535 1488 1574 this
1521 1536 1742 1586 post-Aug.
1774 1549 1848 1575 use
1879 1537 1926 1575 of

317 1600 566 1640 ‘anxietas'
597 1601 681 1640 and
711 1601 915 1650 ‘anxius,'
947 1601 1000 1640 cf.
1043 1614 1078 1640 e.
1095 1615 1131 1652 g.
1176 1601 1318 1647 Quint.
1343 1602 1456 1641 VIII
1495 1615 1676 1653 prooem.
1708 1603 1761 1642 29
1803 1617 1926 1654 quae-

317 1667 439 1707 rendi
459 1668 688 1718 iudicandi,
711 1668 983 1719 comparandi
1004 1668 1212 1717 anxietas,
1235 1669 1335 1707 dum
1366 1668 1568 1709 discimus
1599 1669 1840 1709 adhibenda
1859 1676 1924 1709 est

319 1734 427 1775 Gell.
450 1735 473 1773 I
493 1735 532 1784 3,
555 1735 608 1774 12
638 1748 662 1774 a
690 1735 984 1786 Theophrasto
1015 1735 1279 1786 pensiculate
1312 1738 1355 1774 et
1387 1736 1604 1775 enucleate
1636 1737 1790 1787 scripta
1825 1741 1925 1776 sunt

317 1831 327 1841 .
350 1832 359 1840 .
383 1831 392 1841 .
416 1802 491 1841 sed
512 1802 721 1841 anxietate
753 1801 831 1841 illa
851 1832 859 1841 .
884 1832 893 1841 .
917 1832 924 1840 .
948 1802 1253 1853 disputationis
1287 1802 1588 1852 praetermissa
1619 1816 1751 1854 genus
1783 1804 1923 1855 ipsum

316 1867 378 1908 rei
397 1871 565 1908 tantum
578 1869 731 1920 paucis
750 1869 879 1907 verbis
899 1868 1064 1907 notavit
1112 1869 1195 1909 XV
1215 1870 1253 1918 7,
1275 1870 1301 1908 3
1331 1881 1425 1907 cum
1455 1869 1612 1908 librum
1643 1870 1923 1921 epistularum

316 1934 419 1974 Divi
452 1934 638 1986 Augusti
666 1935 901 1986 legeremus
934 1936 1265 1987 duceremurque
1301 1935 1513 1986 elegantia
1547 1937 1750 1976 orationis
1786 1951 1922 1989 neque

316 2014 482 2041 morosa
515 2014 650 2053 neque
683 2002 1020 2051 anxia—Stili,
1055 2001 1388 2054 ‘composition'
1446 2003 1509 2043 Cf.
1534 2016 1567 2042 e.
1587 2017 1622 2054 g.
1647 1992 1789 2050 Quint.
1814 2005 1860 2043 ΙΙ
1881 2007 1920 2054 4,

317 2069 371 2108 13
400 2068 627 2119 neglegens
650 2068 775 2108 stilus
824 2069 866 2108 X
887 2069 926 2118 1,
948 2069 986 2108 2.
1019 2071 1056 2118 7,
1078 2070 1105 2107 4
1135 2069 1295 2108 multus
1318 2069 1442 2108 stilus
1493 2071 1531 2118 3,
1554 2071 1579 2109 5
1610 2071 1756 2110 tardus
1782 2071 1919 2111 stilus.

315 2134 473 2174 —The
495 2134 680 2185 genitive
701 2135 738 2174 is
759 2135 978 2187 objective.

372 2202 426 2241 10
457 2203 715 2242 contrariam
740 2203 1008 2253 experimur:
1041 2202 1067 2241 i.
1082 2215 1116 2242 e.
1148 2215 1211 2242 we
1253 2202 1342 2242 find
1376 2203 1472 2242 that
1505 2203 1563 2242 all
1594 2217 1669 2242 our
1697 2205 1819 2255 pains
1849 2218 1920 2245 are

314 2268 490 2318 useless,
512 2281 564 2320 go
585 2269 651 2308 for
671 2269 845 2320 naught,
868 2269 935 2308 for
956 2269 1175 2309 continual
1205 2270 1515 2321 interruptions
1538 2275 1716 2321 prevent
1736 2285 1785 2310 us
1808 2273 1920 2312 from

315 2335 538 2386 following
571 2339 644 2374 out
682 2335 755 2375 the
791 2336 1000 2388 carefully
1035 2337 1245 2387 prepared
1283 2341 1505 2387 argument
1545 2338 1629 2376 and
1668 2339 1831 2389 compel
1869 2353 1918 2379 us

315 2401 484 2441 instead
503 2405 548 2441 to
577 2401 708 2454 speak
729 2415 781 2441 ex
809 2403 1179 2453 tempore—The
1214 2416 1391 2454 passage
1424 2403 1459 2442 is
1494 2404 1538 2442 in
1574 2404 1737 2454 perfect
1771 2406 1920 2445 accord

314 2468 422 2508 with
454 2469 527 2507 the
562 2468 787 2508 oratorical
826 2469 1167 2509 characteristics
1203 2470 1249 2509 of
1285 2470 1502 2509 Secundus
1538 2484 1583 2510 as
1624 2472 1824 2510 recorded
1863 2473 1919 2524 by

314 2535 457 2582 Quint.
480 2536 522 2574 X
543 2535 580 2584 1,
603 2536 684 2574 120
715 2536 940 2575 adiecisset
963 2567 970 2575 .
995 2567 1002 2575 .
1027 2567 1035 2575 .
1059 2537 1211 2575 ceteris
1233 2536 1465 2576 virtutibus
1488 2568 1495 2576 .
1520 2569 1527 2576 .
1553 2568 1560 2576 .
1584 2541 1631 2577 ut
1652 2542 1764 2577 esset
1785 2539 1918 2578 multo

313 2601 448 2652 magis
478 2615 648 2653 pugnax
679 2606 722 2641 et
751 2602 920 2653 saepius
951 2604 1004 2642 ad
1032 2616 1174 2642 curam
1196 2616 1335 2641 rerum
1357 2604 1409 2642 ab
1430 2604 1666 2643 elocutione
1688 2606 1919 2656 respiceret

313 2669 352 2717 3,
375 2669 428 2707 12
458 2668 588 2707 mirae
621 2668 844 2708 facundiae
875 2669 1027 2718 virum,
1061 2669 1253 2708 infinitae
1285 2673 1428 2709 tamen
1461 2672 1919 2724 curae—interrogat

314 2736 442 2775 iudex
471 2738 578 2774 etc.:
612 2735 685 2786 Cp.
708 2735 860 2787 Aper's
894 2740 1124 2775 statement
1155 2736 1199 2774 in
1230 2750 1262 2775 c.
1287 2737 1339 2776 19
1371 2741 1453 2775 ext.
1496 2750 1571 2776 nec
1607 2740 1917 2789 expectandum

312 2801 471 2840 habent
502 2805 710 2840 oratorem
741 2802 840 2841 dum
871 2802 936 2841 illi
966 2802 1098 2842 libeat
1118 2803 1169 2841 de
1200 2802 1294 2854 ipso
1324 2803 1496 2854 negotio
1523 2804 1674 2853 dicere,
1698 2806 1916 2857 sedsaepe

311 2867 425 2907 ultro
446 2868 674 2907 admonent
695 2872 821 2920 atque
843 2868 927 2907 alio
947 2869 1331 2920 transgredientem
1354 2874 1552 2909 revocant
1574 2875 1616 2910 et
1647 2871 1850 2911 festinare
1872 2885 1916 2911 se
