2262 3224
637 222 885 256 DIALOGUS
915 222 983 254 DE
1016 221 1338 256 ORATORIBUS.
1734 209 1790 251 29

184 353 236 382 ac
257 339 435 383 lautum
455 343 627 396 patrem
647 338 858 390 familiae,
882 354 973 381 non
995 354 1047 382 eo
1070 344 1247 381 tantum
1268 339 1372 381 volo
1394 343 1513 380 tecto
1544 338 1637 395 tegi
1671 337 1794 393 quod

184 422 373 466 imbrem
410 437 460 465 ac
497 427 687 466 ventum
725 427 884 473 arceat,
924 422 1003 465 sed
1040 423 1175 465 etiam
1213 421 1335 478 quod
1371 422 1519 464 visum
1558 426 1604 464 et
1640 422 1791 463 oculos

184 505 407 557 delectet3
457 521 547 549 non
585 520 636 549 ea
673 506 820 548 solum
857 506 1020 548 instrui
1063 506 1336 562 supellectili
1379 519 1492 561 quae
1535 506 1791 547 necessariis

185 589 341 632 usibus
367 589 578 641 sufficiat,
601 589 683 632 sed
703 590 763 632 sit
783 590 831 631 in
854 595 1071 645 apparatu
1100 590 1197 638 eius
1230 594 1276 632 et
1307 604 1467 631 aurum
1499 593 1545 631 et
1576 603 1790 645 gemmae,

186 677 239 716 ut
259 687 433 716 sumere
463 674 512 715 in
533 688 692 716 manus
715 678 762 716 et
790 674 985 729 aspicere
1018 674 1194 729 saepius
1226 673 1371 715 libeat.
1437 672 1656 728 quaedam
1688 687 1792 714 vero

184 757 342 813 procul
389 762 625 800 arceantur
668 762 722 799 ut
758 757 846 798 iam
884 757 1139 799 oblitterata
1176 762 1222 799 et
1260 757 1464 798 obsoleta:
1515 756 1693 798 nullum
1735 757 1795 798 sit

185 839 371 902 verbum
405 841 530 884 velut
561 841 769 898 rubigine
805 840 1039 891 infectum,
1076 841 1192 882 nulli
1226 854 1382 883 sensus
1420 840 1546 882 tarda
1581 845 1627 882 et
1660 840 1793 882 inerti

184 929 411 967 structura
442 925 491 966 in
522 939 690 967 morem
713 925 942 966 annalium
965 929 1317 980 componantur3
1352 923 1522 981 fugitet
1550 923 1727 966 foedam
1749 928 1795 966 et

1816 599 1860 632 20

185 1007 402 1051 insulsam
423 1009 753 1059 scurrilitatem,
778 1009 922 1051 variet
943 1009 1311 1064 compositionem
1333 1022 1415 1050 nec
1438 1022 1592 1050 omnes
1623 1008 1795 1050 clausu·
1815 1021 1859 1054 25

185 1092 252 1135 las
274 1107 367 1135 uno
389 1097 435 1135 et
457 1092 612 1135 eodem
635 1092 767 1134 modo
790 1092 1069 1134 determinet.

248 1173 326 1223 23.
389 1175 507 1218 Nolo
531 1176 722 1218 inridere
750 1181 933 1218 rotam
967 1176 1262 1218 Fortunae
1296 1180 1342 1218 et
1373 1176 1463 1217 ius
1497 1176 1795 1218 verrinum

186 1264 233 1303 et
263 1259 388 1302 istud
418 1260 552 1302 tertio
586 1275 766 1316 quoque
799 1274 934 1302 sensu
966 1260 1014 1301 in
1048 1259 1254 1301 omnibus
1288 1259 1563 1301 orationibus
1588 1274 1668 1315 pro
1700 1274 1795 1301 sen-

186 1344 330 1386 tentia
361 1344 558 1400 positum
596 1358 722 1386 esse
756 1343 1047 1386 videatur.
1113 1357 1217 1384 nam
1244 1348 1290 1385 et
1313 1343 1420 1385 haec
1444 1343 1614 1385 invitus
1637 1343 1794 1385 rettuli

186 1432 234 1470 et
264 1427 394 1484 plura
423 1428 565 1478 omisi,
598 1442 711 1483 quae
745 1432 895 1469 tamen
927 1427 1021 1469 sola
1053 1427 1273 1468 mirantur
1305 1431 1439 1482 atque
1473 1427 1734 1482 exprimunt
1762 1427 1794 1468 ii

186 1511 267 1568 qui
298 1525 345 1554 se
377 1511 586 1567 antiquos
620 1516 813 1553 oratores
847 1512 1058 1553 vocitant.
1124 1511 1350 1553 neminem
1374 1509 1624 1560 nominabo,
1649 1525 1793 1567 genus

185 1594 420 1638 hominum
451 1595 724 1652 significasse
763 1599 1031 1637 contentus:
1082 1594 1161 1637 sed
1198 1594 1323 1637 vobis
1361 1595 1521 1650 utique
1560 1599 1796 1637 versantur

185 1683 290 1721 ante
329 1679 482 1721 oculos
516 1679 592 1720 isti
627 1679 706 1734 qui
740 1679 968 1720 Lucilium
1000 1693 1080 1734 pro
1114 1678 1303 1720 Horatio
1337 1682 1382 1720 et
1415 1678 1678 1720 Lucretium
1715 1693 1794 1733 pro

186 1762 393 1819 Vergilio
424 1762 600 1819 legunt,
636 1762 800 1818 quibus
836 1762 1095 1818 eloquentia
1129 1762 1306 1803 Aufidii
1339 1762 1467 1803 Bassi
1500 1766 1580 1803 aut
1616 1761 1795 1804 Servilii

187 1845 383 1888 Noniani
422 1860 478 1888 ex
522 1846 848 1901 comparatione
888 1845 1102 1888 Sisennae
1142 1850 1222 1887 aut
1259 1845 1474 1887 Varronis
1512 1845 1674 1895 sordet,
1715 1846 1794 1901 qui

187 1929 418 1972 rhetorum
456 1934 709 1971 nostrorum
748 1930 1087 1972 commentarios
1126 1929 1380 1979 fastidiunt,
1421 1928 1625 1979 oderunt,
1665 1928 1794 1971 Calvi

187 2013 420 2055 mirantur.
486 2027 598 2068 quos
621 2027 740 2055 more
763 2013 908 2068 prisco
935 2012 1057 2068 apud
1088 2012 1283 2054 iudicem
1315 2012 1566 2054 fabulantes
1599 2026 1690 2054 non
1722 2027 1797 2054 au-

186 2171 231 2177 —
242 2164 267 2184 ω
294 2161 380 2184 corr.
412 2151 568 2192 Lipsius.
618 2154 762 2184 tantum
786 2160 829 2184 eo
838 2170 884 2176 —
893 2152 959 2183 AB
1034 2152 1075 2184 18
1104 2151 1254 2184 imbrem
1264 2171 1310 2176 -—
1320 2161 1385 2184 om.
1418 2153 1452 2184 D
1481 2155 1616 2184 tectum
1625 2153 1708 2184 —B
1737 2153 1796 2185 sed

187 2217 274 2241 corr.
338 2207 379 2239 19
413 2206 626 2248 supellectili
636 2227 682 2231 —
694 2206 788 2240 CDA
826 2207 1044 2248 supellectile
1056 2227 1102 2231 —
1113 2207 1259 2239 ABEV.
1326 2208 1366 2239 21
1408 2210 1444 2239 et
1455 2227 1501 2231 —
1512 2207 1589 2239 AB.
1662 2212 1703 2240 ut
1714 2228 1759 2232 —
1772 2221 1796 2240 ω

188 2264 248 2296 Bs.
270 2263 427 2303 sortasse
450 2264 547 2296 recte.
603 2262 768 2296 libeat—
778 2263 820 2295 R.
850 2262 1020 2304 Ayricola
1044 2263 1151 2295 liceat
1161 2283 1206 2287 —
1216 2276 1249 2295 ω.
1312 2265 1354 2295 22
1381 2267 1626 2296 arceantur—
1635 2264 1792 2304 Lipsius,

188 2322 357 2353 arcentur
365 2338 411 2344 —
420 2331 445 2351 ω
461 2322 627 2351 arcentor
635 2338 681 2343 ——
691 2319 878 2351 Baehrens.
928 2318 1111 2351 *obsoleta
1120 2338 1166 2343 —-
1175 2319 1365 2358 emendavi,
1392 2319 1460 2359 Wf.
1468 2319 1601 2351 olentia
1610 2339 1655 2344 —
1665 2332 1690 2351 ω
1713 2329 1796 2352 exo—

188 2373 514 2408 leta—Acidalius
533 2374 818 2418 [antiquitatem]
838 2374 1112 2407 olentia—add.
1133 2374 1318 2407 Andre-sen
1342 2375 1506 2407 situm—
1518 2375 1581 2407 ins.
1610 2375 1668 2407 Th.
1690 2375 1796 2416 Voyel

188 2430 524 2464 sordentia—coni.
554 2430 731 2463 Baehrens
759 2429 1004 2462 insolentia—
1017 2429 1246 2463 Cornelissen.
1297 2434 1339 2462 ut
1372 2430 1509 2462 nullum
1521 2450 1566 2454 —
1577 2431 1621 2462 D.
1671 2431 1714 2462 23
1739 2431 1796 2463 vel

189 2500 269 2520 -ω
281 2496 367 2520 corr.
388 2486 590 2520 Rhenanus
634 2486 822 2527 quod—B
839 2486 899 2518 sed
915 2496 1000 2518 corr.
1022 2485 1077 2518 vel
1093 2486 1197 2518 sorde
1214 2486 1420 2519 vel—coni.
1440 2486 1564 2518 Ritter.
1608 2487 1650 2518 24
1667 2486 1797 2528 fugitet

188 2543 380 2576 —ABEV
395 2543 509 2586 fugiet
518 2563 564 2568 —
574 2543 648 2575 CD.
699 2543 742 2574 26
759 2542 930 2574 terminet
939 2562 984 2566 -—
993 2542 1151 2582 Lipsius,
1171 2542 1229 2574 Bs.

236 2599 304 2640 23,
355 2600 371 2632 1
391 2600 723 2632 Vetrinuni—AB.
774 2600 794 2631 2
818 2598 1010 2631 istud-A
1028 2598 1095 2630 Ms.
1118 2598 1304 2630 illud—w.
1355 2598 1376 2629 3
1399 2598 1681 2631 invitus—corr.
1703 2599 1732 2630 B
1756 2609 1797 2632 ex

191 2655 364 2688 invitatus
372 2676 418 2680 —
428 2669 461 2688 ω.
512 2657 532 2688 4
558 2656 746 2688 imitantur
756 2675 800 2680 —-
811 2655 935 2687 Knaut
962 2654 1225 2698 (Cornelissen).
1281 2654 1301 2685 5
1326 2654 1484 2686 vocitant
1493 2673 1539 2677 —
1549 2654 1797 2695 Schurqfleisch

1820 1937 1862 1969 10

191 2713 423 2746 vocabant—
434 2726 458 2745 ω
474 2718 604 2747 vocant
613 2734 658 2738 —
668 2714 824 2754 Lipsius,
845 2712 918 2745 edd.
965 2712 982 2744 7
1001 2711 1052 2743 illi
1061 2731 1107 2736 -—
1116 2711 1236 2743 Halm.
1288 2710 1308 2742 8
1326 2709 1449 2741 Aufidi
1459 2730 1504 2734 —
1514 2711 1544 2742 E
1562 2710 1699 2743 Aufidii
1708 2731 1752 2735 —
1764 2712 1797 2742 V
1836 2719 1840 2724 ’

194 2769 295 2811 (corr.
316 2780 356 2803 m:
371 2771 425 2803 tui
441 2771 491 2803 vel
507 2771 565 2803 cui
581 2770 658 2814 fidi)
676 2771 730 2803 tui
747 2769 863 2802 fidi—
874 2768 970 2801 ABC
987 2768 1045 2800 cui
1062 2767 1227 2800 fidi—D.
1283 2767 1323 2799 10
1340 2770 1523 2799 oratorum
1540 2771 1797 2800 nostrorum—

198 2826 396 2868 Valmaqyi.
448 2826 741 2859 oderunt-dell.
773 2825 976 2863 Heumann,
1005 2824 1077 2864 Np.
1106 2823 1164 2857 Pt.
1193 2823 1277 2855 Hm.
1308 2823 1371 2855 Ml.
1400 2822 1496 2856 And.
1529 2826 1565 2855 et
1590 2823 1798 2856 oderunt—

193 2882 224 2916 B
241 2883 301 2916 Bs.
322 2882 391 2923 Wf.
434 2882 475 2916 L.
495 2881 577 2915 Aeli
588 2882 728 2915 —coni.
746 2880 950 2921 Nipperdey
967 2879 1070 2913 Clodi
1085 2882 1122 2912 et
1133 2878 1270 2912 Aeli—
1285 2878 1421 2912 Urlichs
1437 2878 1792 2920 Valgi—Baehrens.
