2262 3224
473 167 670 210 lxxxviii
1079 177 1456 210 PROLEGOMENA.

475 294 560 332 and
578 293 634 345 by
651 292 866 343 investing
885 292 951 332 his
973 292 1174 332 dramatis
1190 304 1392 343 personae
1408 291 1513 331 with
1530 292 1603 330 the
1623 290 1826 342 requisite
1847 289 2066 330 historical

475 359 672 410 coloring.
734 359 822 398 The
851 359 999 398 letters
1030 359 1076 397 of
1105 359 1249 398 Cicero
1279 371 1374 409 may
1394 358 1444 396 be
1473 358 1585 397 cited
1605 370 1649 396 as
1671 356 1909 408 accurately
1930 369 2066 407 repre-

475 426 645 476 senting
678 425 744 464 his
780 438 873 464 own
905 425 1076 464 method
1110 425 1156 463 of
1188 425 1415 475 procedure
1450 436 1503 462 no
1537 423 1620 462 less
1652 423 1757 462 than
1787 423 1881 462 that
1912 423 1959 461 of
1991 423 2064 462 the

475 493 664 531 ancients
696 492 740 530 in
771 491 950 542 general.
956 490 997 513 ¹⁷⁸

531 559 593 614 (2)
625 559 712 597 The
735 558 899 597 artistic
925 561 1133 596 structure
1164 557 1247 595 and
1274 556 1397 608 unity
1418 556 1464 595 of
1491 556 1592 607 plan
1621 556 1759 594 which
1788 568 1863 594 our
1892 555 2065 595 treatise

475 625 635 664 reveals
667 626 703 663 is
736 626 781 663 in
815 624 935 663 itself
966 623 1173 662 sufficient
1206 627 1250 661 to
1285 623 1422 661 refute
1456 623 1528 661 the
1564 622 1829 673 supposition
1862 622 1957 661 that
1990 622 2065 661 the

475 692 623 730 debate
664 694 902 742 represents
944 703 997 729 an
1037 692 1227 728 accurate
1267 689 1350 727 and
1389 688 1567 727 faithful
1606 688 1901 739 reproduction
1935 688 1982 727 of
2011 700 2066 727 an

473 758 673 808 informal
692 758 775 796 and
798 757 1040 807 improvised
1060 754 1294 794 discussion
1314 755 1504 794 between
1523 755 1716 794 intimate
1738 753 1958 793 111011ᾶ5.179

532 825 593 879 (3)
626 824 714 862 The
750 823 955 874 Ianguage
990 826 1067 873 put
1101 822 1191 860 into
1224 821 1296 860 the
1326 821 1493 859 mouths
1523 821 1569 859 of
1601 821 1674 860 the
1704 820 1998 859 interlocutors
2028 820 2066 860 is

472 890 789 941 unmistakably
817 889 1054 928 Ciceronian
1074 889 1120 926 in
1139 887 1321 937 thought
1341 887 1424 926 and
1444 887 1733 938 phraseology.

530 957 591 1011 (4)
623 957 675 994 In
695 956 769 994 the
791 959 999 994 structure
1025 954 1070 993 of
1098 954 1171 992 the
1201 953 1405 1003 Dialogus
1434 953 1507 992 the
1537 953 1688 992 author
1717 952 1794 991 has
1823 952 2067 1004 repeatedly

472 1023 763 1074 appropriated
783 1022 986 1061 dramatic
1007 1021 1173 1059 devices
1194 1020 1277 1058 and
1297 1019 1475 1058 motives
1498 1019 1607 1057 from
1629 1019 1796 1059 Cicero:

531 1144 573 1167 1⁷⁸
591 1145 653 1186 Cp.
670 1154 741 1185 esp.
758 1144 818 1176 the
834 1143 1042 1184 dedicatory
1059 1142 1183 1183 epistle
1201 1145 1237 1174 to
1254 1142 1371 1174 Varro
1390 1141 1450 1184 (ad
1467 1141 1551 1174 fam.
1567 1141 1620 1173 IX
1637 1141 1687 1184 8):
1712 1140 1795 1173 Feci
1812 1140 1920 1182 igitur
1935 1149 2067 1173 sermo-

470 1210 554 1232 nem
572 1201 651 1242 (viz.
666 1200 779 1232 Acad.
795 1200 909 1242 Post.)
927 1199 1020 1230 inter
1036 1207 1101 1230 nos
1117 1198 1279 1230 habitum
1296 1194 1333 1229 in
1351 1197 1526 1236 Cumano,
1540 1206 1620 1228 cum
1639 1200 1730 1228 esset
1745 1205 1818 1228 una
1834 1196 2060 1236 Pomponius.

471 1255 551 1288 Tibi
574 1255 657 1287 dedi
681 1259 801 1295 partes
823 1253 1062 1286 Antiochinas
1086 1262 1174 1293 quas
1197 1261 1220 1284 α
1243 1254 1275 1284 te
1293 1252 1437 1292 probari
1464 1252 1669 1284 intellexisse
1693 1251 1779 1282 mihi
1803 1250 1950 1290 videbar,
1977 1250 2066 1283 mihi

470 1311 604 1352 sumpsi
622 1310 790 1342 Philonis.
839 1310 931 1342 Puto
949 1309 1025 1341 fore
1042 1312 1093 1348 ut,
1113 1317 1194 1340 cum
1212 1307 1348 1349 legeris,
1369 1307 1496 1339 mirere
1514 1316 1579 1339 nos
1595 1307 1631 1338 id
1648 1306 1784 1339 locutos
1801 1315 1875 1338 0550
1892 1306 1985 1338 inter
2000 1314 2067 1338 nos

471 1367 564 1407 quod
582 1375 771 1406 numquam
791 1365 895 1397 locuti
912 1372 1032 1396 sumus
1047 1363 1110 1395 sed
1132 1373 1234 1395 110511
1261 1372 1393 1394 mom-:M
1420 1364 1662 1394 niALoGonUM
1703 1361 1748 1394 ad
1769 1362 1845 1393 Att.
1868 1361 1958 1393 XIII
1976 1361 2028 1401 19,
2043 1360 2065 1393 3
2129 1384 2133 1390 .

469 1423 519 1454 sic
543 1422 638 1453 enim
662 1421 918 1453 constitueram
946 1419 1117 1452 neminem
1142 1418 1316 1450 includere
1340 1418 1378 1449 in
1401 1417 1556 1457 dialoyos
1573 1426 1689 1449 eorum
1706 1417 1766 1457 qui
1785 1417 1931 1448 viverent
1947 1440 1956 1448 .
1977 1440 1985 1448 .
2007 1440 2015 1449 .
2034 1416 2065 1448 si

470 1478 613 1510 Cottam
638 1481 674 1508 et
697 1477 897 1509 Varronem
924 1474 1086 1507 fecissem
1113 1475 1207 1505 inter
1230 1482 1267 1505 se
1291 1473 1515 1513 disputantes
1532 1497 1539 1504 .
1561 1497 1569 1505 .
1590 1496 1597 1503 .
1619 1481 1738 1503 meum
1763 1473 1869 1511 κωφὸν
1895 1471 2067 1512 πρόσωπον

469 1538 569 1565 esset.
620 1533 686 1564 hoc
710 1533 748 1563 in
773 1531 930 1571 antiquis
956 1530 1115 1562 suaviter
1138 1528 1179 1560 fit
1202 1532 1243 1559 ut
1266 1531 1303 1559 et.
1327 1527 1553 1559 Heracleides
1577 1527 1613 1558 in
1638 1527 1759 1559 multis
1783 1530 1819 1558 et
1844 1535 1909 1558 nos
1932 1535 1996 1558 sex
2019 1526 2065 1559 de

468 1588 650 1629 republica
672 1587 771 1619 libris
795 1586 945 1618 fecimus
962 1609 970 1617 .
993 1610 1001 1618 .
1025 1609 1032 1617 .
1052 1588 1137 1616 sunt
1154 1584 1262 1616 etiam
1278 1583 1323 1614 de
1340 1586 1480 1615 oratore
1497 1582 1611 1614 nostri
1628 1585 1699 1614 tres
1716 1607 1723 1614 .
1745 1606 1752 1614 .
1774 1606 1782 1614 .
1798 1590 1907 1621 puero
1931 1591 1984 1614 me
2006 1581 2064 1614 hic

467 1653 584 1676 sermo
601 1643 783 1675 inducitur
798 1646 839 1673 ut
856 1641 974 1673 nullae
991 1649 1066 1672 esse
1086 1643 1230 1680 possent
1246 1642 1365 1679 partes
1381 1647 1481 1670 meae
1499 1661 1506 1669 .
1525 1662 1532 1670 .
1551 1662 1558 1669 .
1575 1637 1662 1669 haec
1679 1636 1907 1676 Academica,
1926 1640 1967 1668 ut
1981 1637 2062 1677 scis,

468 1709 549 1731 eum
576 1698 714 1737 Catulo,
743 1697 891 1729 Lucullo
919 1696 1110 1728 Hortensio
1141 1694 1373 1727 contuleram.
1425 1693 1518 1725 Sane
1541 1693 1579 1725 in
1599 1700 1768 1732 personas
1792 1701 1861 1724 non
1884 1691 2061 1732 cadebant,

468 1758 570 1786 erant
595 1755 690 1786 enim
716 1755 912 1793 λογικώτερα
939 1762 1046 1794 quam
1073 1755 1114 1783 ut
1139 1751 1190 1783 illi
1215 1751 1260 1782 de
1287 1751 1330 1782 iis
1354 1750 1549 1782 somniasse
1574 1757 1745 1788 umquam
1771 1748 1976 1780 viderentur
1992 1772 1999 1780 .
2022 1773 2029 1780 .
2050 1772 2059 1781 .

467 1819 617 1841 acumen
642 1810 775 1842 habent
799 1809 980 1847 Antiochi,
1008 1818 1172 1840 mronsm
1201 1816 1396 1839 ominosis
1421 1816 1601 1838 NOSTRUM.
1653 1804 1699 1836 ad
1722 1804 1843 1844 Quint.
1863 1803 1945 1836 frat.
1967 1803 2024 1835 ΙΙΙ
2042 1803 2064 1836 5

470 1866 698 1906 (concerning
714 1865 773 1896 the
787 1865 870 1905 plan
883 1864 921 1896 of
937 1864 996 1895 the
1010 1864 1054 1896 de
1070 1863 1278 1906 republica),
1294 1863 1339 1896 ad
1357 1863 1440 1895 sam.
1457 1862 1474 1894 I
1492 1862 1524 1901 9,
1538 1861 1581 1893 23
1597 1860 1720 1901 scripsi
1738 1859 1844 1900 igitur
1859 1858 2063 1891 Aristotelio

467 1930 560 1953 more
585 1920 885 1961 quemadmodum
912 1919 1055 1960 quidem
1087 1919 1194 1959 volui,
1222 1922 1295 1951 tres
1323 1919 1432 1951 libros
1457 1918 1494 1949 in
1521 1917 1761 1958 disputatione
1786 1924 1827 1947 ac
1853 1914 1993 1956 dialogo
2017 1914 2062 1947 de

468 1980 617 2009 oratore.
669 1976 732 2008 See
757 1975 830 2008 also
854 1976 914 2007 the
939 1975 1181 2007 introduction
1207 1976 1245 2008 of
1268 1976 1328 2007 the
1350 1975 1393 2007 de
1412 1979 1550 2007 oratore
1567 1974 1638 2006 and
1657 1973 1694 2006 of
1709 1973 1769 2004 the
1786 1971 1928 2004 Laelius
1946 1971 1992 2012 (l,
2010 1971 2062 2014 4):

468 2032 640 2064 Catonem
658 2032 782 2063 induxi
798 2041 919 2064 senem
937 2032 1178 2073 disputantem
1202 2033 1286 2073 quia
1303 2032 1402 2064 nulla
1420 2031 1595 2064 videbatur
1611 2031 1726 2070 aptior
1744 2037 1895 2069 persona
1911 2035 2002 2068 quae
2018 2026 2062 2058 de

467 2087 528 2119 illa
543 2091 659 2119 aetate
676 2087 880 2128 loqueretur
897 2112 905 2119 .
928 2112 935 2119 .
958 2112 964 2119 .
990 2088 1112 2120 idonea
1132 2088 1219 2119 mihi
1238 2088 1335 2120 Laeli
1351 2096 1502 2128 persona
1519 2086 1594 2118 visa
1610 2089 1665 2118 est
1681 2093 1770 2126 quae
1787 2084 1831 2116 de
1848 2082 2005 2115 amicitia
2019 2090 2064 2114 ea

468 2143 543 2183 ipsa
569 2143 765 2175 dissereret.
820 2143 936 2176 Genus
970 2145 1085 2176 autem
1112 2144 1173 2176 hoc
1205 2153 1401 2176 sermonum
1432 2143 1587 2184 positum
1601 2142 1657 2174 *in
1687 2140 1873 2173 hominum
1901 2142 2062 2171 veterum

467 2198 679 2230 auctoritate
707 2202 743 2230 et
767 2207 891 2230 eorum
925 2198 1116 2231 illustrium
1143 2199 1222 2240 plus
1250 2199 1368 2231 nescio
1397 2207 1466 2239 quo
1493 2201 1598 2239 pacto
1625 2196 1767 2229 videtur
1792 2195 1923 2227 habere
1949 2193 2064 2235 gravi-

466 2253 560 2286 tatis.

526 2308 568 2330 ¹⁷⁹
584 2309 646 2349 Cp.
667 2309 727 2341 the
750 2309 915 2349 previous
939 2311 1087 2352 chapter
1111 2313 1182 2345 and
1206 2313 1266 2344 the
1294 2313 1342 2344 set
1367 2311 1533 2353 speeches
1555 2310 1773 2351 throughout
1791 2308 1851 2340 the
1873 2306 2059 2348 Dialogue,

467 2363 553 2395 with
576 2364 669 2396 their
692 2364 826 2397 careful
852 2372 1141 2400 announcement
1175 2369 1244 2401 and
1269 2369 1486 2409 Subsequent
1509 2365 1779 2407 recapitulation
1804 2363 1842 2396 of
1864 2363 1925 2395 the
1948 2362 2063 2404 topics

467 2419 659 2458 discussed‚
679 2430 718 2452 as
741 2421 819 2453 well
844 2431 884 2454 as
912 2424 972 2456 the
994 2424 1173 2457 elaborate
1194 2425 1416 2465 perorations
1434 2423 1476 2463 (0.
1498 2424 1566 2455 515
1583 2422 1606 2454 f.
1630 2422 1670 2453 16
1687 2427 1719 2452 16
1743 2420 1783 2452 17
1797 2426 1810 2451 1
1835 2420 1901 2451 221
1928 2420 1971 2451 23
1988 2422 2059 2452 ext.

467 2475 510 2506 25
523 2480 536 2505 1
561 2475 604 2506 28
615 2482 632 2506 5
646 2475 668 2507 f.
683 2481 711 2506 11
737 2477 778 2508 32
797 2481 867 2510 ext.
889 2479 931 2511 33
944 2486 960 2511 3
980 2479 1014 2511 ff.
1032 2486 1063 2511 14
1077 2479 1100 2512 f.
1121 2479 1163 2511 34
1178 2485 1189 2510 1
1206 2479 1241 2512 ff.
1254 2485 1287 2511 26
1299 2479 1323 2511 f.
1345 2479 1387 2511 38
1401 2479 1441 2521 1).
1477 2478 1552 2510 The
1569 2476 1751 2516 following
1767 2475 1989 2515 expressions
2001 2483 2062 2506 are

468 2529 542 2561 also
559 2534 621 2562 out
637 2531 675 2562 of
691 2531 790 2572 place
809 2534 844 2565 in
861 2544 908 2567 an
925 2536 1142 2576 impromptu
1157 2534 1403 2567 conversation
1417 2546 1425 2565 ι
1450 2542 1479 2565 0.
1495 2533 1535 2564 14
1550 2538 1581 2564 19
1598 2530 1890 2563 iucundissimum
1909 2529 2063 2561 oblecta-

468 2590 629 2619 mentum
646 2598 726 2621 cum
746 2591 845 2623 vobis
866 2591 926 2632 qui
949 2591 1016 2623 ista
1041 2591 1230 2631 disputatis
1255 2589 1433 2627 adferunt,
1453 2591 1530 2620 tum
1549 2587 1655 2619 etiam
1674 2587 1719 2618 iis
1735 2586 1782 2618 ad
1797 2595 1943 2626 quorum
1961 2592 2063 2616 aures

464 2645 681 2681 pervenerint
722 2647 762 2678 27
779 2652 795 2678 8
811 2655 876 2678 nec
893 2655 955 2678 vos
974 2645 1106 2678 offendi
1129 2645 1268 2677 decebit
1289 2645 1317 2676 si
1338 2644 1422 2685 quid
1447 2643 1539 2675 forte
1564 2651 1667 2674 aures
1690 2644 1825 2672 vestras
1848 2640 2063 2680 perstringat

469 2706 550 2729 cum
574 2700 694 2731 sciatis
724 2701 812 2732 hanc
836 2710 907 2733 esse
930 2702 1004 2733 eius
1025 2701 1116 2732 modi
1136 2709 1329 2732 sermonum
1349 2699 1453 2739 legem
1470 2697 1639 2730 iudicium
1658 2696 1768 2728 animi
1784 2695 1874 2727 citra
1889 2694 2061 2727 damnum

469 2753 631 2786 adfectus
651 2755 810 2796 proferre
830 2755 901 2798 (500
918 2756 1029 2788 above
1045 2758 1053 2774 ‘
1064 2755 1158 2787 nosti
1174 2763 1309 2787 morem
1326 2753 1546 2794 dialogorum
1557 2752 1583 2794 ')
1609 2751 1650 2783 32
1666 2756 1701 2783 32
1716 2759 1805 2791 quos
1818 2749 1849 2782 si
1865 2748 1958 2782 forte
1974 2749 2062 2781 haec

468 2809 657 2842 audierint.
