2262 3224
755 187 1134 221 PROLEGOMENA.
1641 175 1749 218 cxiii

522 316 558 346 ·γ.
588 304 847 347 Approaching
873 313 895 337 a
922 303 1043 337 causal
1071 304 1195 337 ‘cum’
1224 304 1262 336 in
1287 304 1467 345 meaning,
1494 303 1582 336 with
1610 303 1683 335 ind.
1711 303 1749 335 in

589 360 705 393 oratio
721 359 889 401 obliqua:
913 361 964 392 *c.
986 360 1028 392 32
1044 365 1088 392 33.

523 419 550 450 δ.
588 416 676 448 dum
692 415 823 448 modo:
847 416 899 448 *c.
920 416 964 448 25
981 422 999 448 6
1029 415 1071 449 G.
1091 416 1123 448 6.
1173 416 1246 448 Not
1261 415 1453 448 elsewhere
1470 415 1507 447 in
1524 414 1681 447 Tacitus.

455 483 487 515 q.
524 482 644 505 nonne
662 484 670 505 :
699 474 708 491 ⁶
720 480 759 504 as
775 471 860 513 long
876 472 941 511 as,’
960 472 1049 503 with
1066 471 1156 513 perf.
1177 471 1269 504 ind.:
1293 472 1345 504 ⁴⁸⁵0.
1366 471 1387 503 8
1403 477 1436 504 17
1458 470 1502 503 40
1517 475 1551 502 2ο
1566 469 1591 503 f.

455 538 484 562 r.
522 538 568 560 ur
584 542 628 555 =
644 536 739 567 cum,
760 526 847 559 with
863 526 956 560 ind.:
980 530 1022 559 ut
1037 526 1148 560 semel
1163 527 1254 559 vidit
1273 527 1316 570 (c.
1338 527 1380 559 10
1396 526 1440 569 8).

454 593 482 617 ο.
521 594 566 624 sx,
589 593 673 616 iusi.

521 653 552 672 α.
587 641 738 673 Present
762 638 853 680 subj.
875 639 913 671 in
935 639 1089 680 protasis
1108 639 1181 672 and
1202 638 1392 680 apodosis:
1417 648 1446 671 0.
1469 639 1510 672 16
1526 644 1561 671 25
1583 638 1655 671 262
1678 637 1752 671 and

588 696 656 737 Ag.
676 695 719 728 46
746 695 843 727 Ann.
861 695 919 727 ΙΙΙ
935 695 988 727 54.

521 754 554 793 β.
589 751 771 784 Potential
789 751 878 793 perf.
899 751 990 792 subj.
1011 751 1049 784 in
1069 751 1235 793 apodosis
1258 750 1297 784 of
1320 760 1368 784 an
1390 750 1518 783 unreal
1541 750 1751 783 condition:

589 817 618 841 c.
638 808 659 840 3
676 813 708 840 19
733 808 864 849 quibus
879 808 941 840 vix
958 807 1141 840 suffeceris
1158 832 1166 840 .
1188 833 1196 841 .
1216 832 1224 840 .
1246 807 1355 840 etiam
1370 807 1401 840 si
1417 807 1658 853 importasses.

520 875 555 904 γ.
585 864 661 896 The
678 864 845 905 apodosis
861 864 891 896 is
907 873 929 896 a
943 863 1069 903 future
1079 863 1292 904 participle:
1315 863 1515 903 habiturus,
1534 863 1585 896 si.
1604 888 1611 895 .
1630 887 1637 895 .
1654 862 1752 895 vide·

588 923 689 952 retur
707 920 772 962 (ῢο.
792 921 812 951 2
830 925 863 952 16
878 919 934 962 f.).

523 978 551 1008 δ.
587 975 685 1015 Pers.
714 975 798 1016 subj.
826 976 863 1007 in
888 974 1110 1008 conditional
1138 975 1285 1008 relative
1310 975 1440 1015 clause,
1468 975 1676 1016 expressing
1698 984 1753 1007 re-

588 1032 719 1073 peated
743 1032 887 1064 action:
916 1031 963 1064 ad
987 1040 1141 1072 quorum
1165 1040 1272 1064 aures
1294 1031 1525 1072 pervenerint
1544 1031 1608 1074 (*c.
1631 1031 1672 1062 14
1687 1031 1748 1074 2ο).

592 1087 848 1120 ‘Per-venerint
860 1088 868 1104 ’
889 1096 985 1128 may,
1006 1087 1182 1127 however,
1202 1087 1246 1119 be
1266 1087 1460 1119 construed
1476 1096 1516 1119 as
1531 1096 1554 1119 a
1568 1086 1636 1119 fut.
1657 1086 1748 1128 perf.

521 1156 546 1177 ε.
587 1143 660 1176 nisi
687 1143 782 1176 after
810 1143 1036 1184 expressions
1061 1142 1134 1175 like
1162 1146 1311 1184 ‘parum
1339 1143 1419 1183 est,’
1447 1143 1485 1175 in
1511 1142 1612 1184 place
1640 1142 1678 1175 of
1705 1152 1753 1175 an

588 1199 813 1232 adversative
846 1199 1055 1231 coordinate
1091 1199 1234 1232 clause:
1274 1208 1357 1231 cum
1387 1208 1517 1240 parum
1548 1202 1641 1231 esset
1664 1223 1672 1232 .
1702 1222 1711 1232 .
1739 1223 1747 1231 .

588 1255 746 1287 breviter
761 1264 919 1295 censere,
939 1255 1009 1287 nisi
1025 1255 1087 1296 qui
1105 1279 1112 1287 .
1135 1279 1142 1287 .
1164 1279 1171 1286 .
1193 1258 1356 1287 tueretur
1374 1255 1439 1299 (*c.
1459 1254 1502 1287 36
1517 1255 1577 1298 26).

587 1311 660 1343 ‘nisi
676 1310 773 1350 forte
790 1335 797 1343 .
820 1335 827 1343 .
849 1335 857 1344 .
877 1311 950 1343 nisi
973 1311 1056 1352 qui:
1081 1311 1133 1343 *c.
1154 1311 1194 1343 21
1212 1316 1256 1344 24.

588 1367 620 1399 si
635 1366 743 1407 forte,
762 1367 851 1399 with
867 1366 977 1408 subj.:
1002 1367 1053 1399 *c.
1074 1367 1116 1399 27
1130 1373 1147 1399 8
1170 1366 1213 1398 32
1231 1370 1302 1400 ext.

587 1423 658 1455 sive
672 1423 761 1455 with
777 1422 903 1455 indic:
926 1423 978 1455 *c.
999 1423 1020 1454 6
1036 1428 1070 1453 22
1092 1423 1158 1454 *28
1173 1428 1216 1455 27.

587 1479 663 1511 Tm
682 1479 840 1519 protasis
863 1478 893 1511 is
917 1488 964 1510 an
988 1478 1056 1519 adj.
1064 1489 1075 1510 .·
1099 1482 1141 1510 ut
1156 1478 1415 1519 sriyidz'ssimos
1436 1488 1576 1520 quoque
1594 1482 1754 1512 oratores

588 1534 665 1576 ipsa
682 1559 690 1568 .
712 1559 719 1567 .
741 1559 749 1566 .
770 1534 891 1567 studia
906 1534 1099 1567 incendere
1118 1534 1303 1575 potuerint
1321 1535 1386 1577 (*c.
1406 1534 1450 1566 39
1465 1535 1524 1577 22).

521 1603 550 1624 κ.
587 1590 784 1622 Parataaeis
800 1590 838 1622 in
854 1589 955 1631 place
973 1589 1011 1623 of
1026 1599 1048 1622 a
1064 1589 1287 1622 conditional
1303 1589 1422 1622 clause
1438 1603 1446 1623 ι
1470 1591 1521 1622 *0.
1544 1590 1583 1623 17
1602 1596 1644 1623 10.

522 1313 553 1511 rasm-

225 1645 292 1686 11.
338 1646 709 1685 INTERROGATIVE
738 1645 1001 1685 PARTICLES.

454 1722 487 1745 a.
524 1723 585 1753 AN,
604 1713 694 1745 with
713 1716 721 1732 ‘
734 1714 877 1745 utrum’
897 1712 1050 1745 omitted
1081 1714 1133 1745 *c.
1154 1713 1196 1745 32
1214 1719 1242 1746 4.
1292 1727 1335 1740 =
1350 1716 1436 1746 aut:
1461 1714 1512 1747 ³⁸⁵0.
1535 1713 1575 1745 13
1592 1719 1635 1747 13.

454 1767 483 1802 b.
521 1779 725 1802 unumne:
749 1770 801 1801 *e.
822 1768 894 1802 357
917 1768 959 1802 37
974 1774 1016 1801 16.

451 1834 482 1858 c.
518 1835 610 1862 Qum
626 1839 670 1852 =
685 1834 772 1857 cur:
806 1824 872 1857 See
893 1827 901 1843 ‘
913 1825 1129 1857 Pronouns.'

226 1881 292 1920 12.
337 1880 630 1920 AGREEMENT.

341 1947 405 2001 (1)

343 2177 406 2231 (2)

456 1947 676 1986 Predicate
705 1947 751 1985 in
781 1948 848 1986 the
870 1947 1021 1998 plural
1047 1947 1149 1986 with
1179 1953 1255 1985 two
1284 1947 1453 1998 subjects
1482 1948 1528 1986 in
1555 1949 1621 1986 the
1647 1949 1751 1999 sinq.

454 2006 501 2045 in
530 2006 786 2045 adversative
815 2007 971 2044 clauses
985 2020 998 2045 .·

455 2075 522 2107 ego
544 2068 581 2098 te
605 2065 733 2106 poetis,
756 2065 926 2097 Messalla
950 2065 1163 2106 antiquariis
1186 2065 1460 2098 criminabimur
1479 2066 1544 2109 (*c.
1564 2066 1607 2098 42
1626 2067 1669 2108 6).
1718 2067 1754 2100 A

455 2121 610 2163 striking
627 2121 894 2154 characteristic
912 2120 950 2153 of
966 2121 1139 2153 Tacitean
1155 2121 1259 2162 style.

456 2178 677 2216 Predicate
698 2177 745 2215 in
766 2178 833 2216 the
852 2177 956 2226 sinq.
980 2177 1082 2215 with
1102 2182 1177 2215 two
1197 2177 1366 2227 subjects
1378 2191 1391 2214 .·

456 2244 511 2277 vis
537 2247 574 2276 et
602 2244 740 2276 utilitas
758 2269 765 2276 .
788 2269 795 2276 .
818 2269 825 2276 .
847 2243 1068 2285 intellegitur
1094 2244 1137 2287 (c.
1159 2244 1179 2276 5
1195 2244 1256 2286 25),
1288 2243 1387 2276 fama
1415 2247 1450 2276 et
1477 2243 1556 2277 laus
1573 2270 1580 2278 .
1602 2269 1610 2278 .
1632 2270 1639 2278 .
1660 2255 1758 2278 com-

457 2300 620 2341 paranda
638 2303 693 2332 est
708 2300 751 2342 (c.
774 2301 791 2332 7
810 2300 870 2342 11),
890 2299 1017 2341 vulgus
1030 2324 1038 2332 .
1056 2324 1064 2332 .
1083 2324 1090 2332 .
1108 2302 1144 2331 et
1158 2324 1166 2331 .
1184 2324 1191 2332 .
1211 2324 1218 2331 .
1235 2299 1388 2340 populus
1402 2324 1409 2331 .
1429 2324 1435 2331 .
1454 2324 1461 2332 .
1478 2303 1584 2332 vocat
1599 2301 1642 2343 (c.
1660 2300 1678 2333 7
1693 2302 1754 2344 17),

458 2365 595 2388 numen
619 2359 655 2388 et
679 2355 843 2388 caelestis
866 2355 920 2387 vis
937 2380 944 2387 .
967 2380 975 2388 .
996 2380 1004 2388 .
1025 2355 1138 2387 edidit
1162 2356 1205 2398 (0.
1227 2356 1247 2387 8
1265 2356 1309 2398 8),
1336 2364 1382 2387 ne
1407 2355 1527 2396 opinio
1552 2356 1697 2396 quidem
1720 2360 1758 2389 et

458 2411 558 2445 fama
575 2436 583 2444 .
605 2436 613 2444 .
635 2436 642 2444 .
663 2410 827 2453 sequitur
853 2411 897 2453 (c.
919 2411 960 2443 10
978 2412 1021 2454 1),
1050 2420 1137 2444 cura
1165 2421 1306 2452 quoque
1333 2415 1368 2443 et
1393 2411 1581 2444 meditatio
1609 2414 1759 2446 accessit

462 2468 506 2511 (c.
527 2467 568 2500 16
585 2468 630 2510 4),
653 2467 810 2500 formam
836 2476 978 2508 quoque
1002 2476 1043 2500 ac
1067 2467 1222 2508 speciem
1247 2468 1420 2500 orationis
1444 2477 1519 2500 esse
1544 2469 1759 2502 mutandam

463 2524 506 2566 (c.
528 2524 569 2556 19
587 2524 630 2566 8),
651 2523 858 2565 malignitas
878 2527 915 2555 et
936 2523 1072 2556 invidia
1096 2524 1294 2556 tardaverit
1312 2525 1355 2565 (0.
1376 2524 1419 2555 23
1435 2525 1496 2566 26),
1516 2525 1706 2567 disciplina
1721 2528 1759 2558 et

459 2580 631 2612 severitas
658 2589 700 2612 eo
728 2580 934 2621 pertinebat
965 2580 1007 2622 (c.
1029 2580 1072 2611 28
1087 2581 1148 2622 24),
1174 2581 1227 2612 vis
1251 2583 1288 2612 et
1311 2579 1465 2613 facultas
1490 2605 1497 2613 .
1527 2605 1535 2613 .
1565 2606 1572 2614 .
1601 2581 1760 2614 cluditur

463 2635 507 2678 (c.
528 2635 571 2668 30
587 2637 648 2679 26),
682 2637 877 2669 accedebat
908 2635 1077 2676 splendor
1106 2645 1227 2668 rerum
1258 2639 1294 2668 et
1325 2637 1537 2678 magnitudo
1568 2647 1759 2671 causarum

464 2692 508 2734 (c.
535 2691 578 2724 37
603 2698 636 2723 14
659 2692 717 2734 fi),
752 2693 872 2725 minor
905 2696 1089 2725 oratorum
1128 2693 1244 2725 honor
1275 2694 1528 2735 obscuriorque
1561 2694 1675 2736 gloria
1705 2698 1760 2727 est

464 2747 508 2789 (c.
528 2747 569 2779 41
588 2749 647 2790 12),
668 2749 798 2781 modus
815 2752 851 2781 et
867 2752 1193 2790 temperamentum
1210 2749 1383 2782 defuisset
1402 2751 1445 2793 (0.
1466 2751 1506 2782 41
1524 2756 1558 2783 23
1574 2751 1630 2794 fi).

465 2806 508 2838 In
532 2806 580 2839 all
603 2806 740 2839 similar
764 2815 862 2838 cases
884 2806 946 2838 the
969 2806 1127 2847 subjects
1151 2815 1210 2838 are
1234 2815 1482 2846 synonymous
1504 2816 1545 2838 or
1560 2807 1687 2848 nearly
1703 2816 1754 2846 so,

464 2861 537 2894 and
553 2862 665 2894 hence
682 2861 839 2894 coalesce
858 2862 934 2894 into
950 2871 1018 2894 one
1034 2862 1198 2902 thought.
