2262 3224
1019 251 1058 287 C.
1085 252 1140 285 23.
1791 239 1878 281 249

276 363 284 368 ’
326 373 354 412 4
383 372 511 425 plura
534 372 659 412 omisi
688 384 722 411 e.
745 384 782 422 g.
805 370 850 409 in
870 370 988 411 Verr.
1012 370 1060 409 ΙΙ
1081 371 1119 419 4,
1141 370 1195 409 43
1217 374 1299 408 ext.
1322 381 1553 419 numquam
1574 371 1663 407 tam
1683 368 1792 406 male
1814 371 1879 406 est

272 438 426 480 Siculis
447 438 553 490 quin
583 437 748 489 aliquid
782 438 920 477 facete
953 441 995 476 et
1027 436 1242 477 commode
1275 435 1448 475 dicant:
1489 435 1608 474 velut
1642 434 1688 473 in
1719 434 1797 474 hac
1833 447 1877 473 re

269 506 440 546 aiebant
460 505 506 544 in
524 505 689 545 labores
712 504 914 544 Herculis
936 517 1021 545 non
1041 503 1182 542 minus
1203 503 1315 542 hunc
1336 502 1692 541 immanissimum
1713 515 1878 540 verrem

271 585 398 625 quam
428 572 551 611 illum
582 584 731 623 aprum
762 571 1093 623 Erymanthium
1126 569 1278 609 referri
1311 574 1507 620 oportere
1534 570 1572 617 4,
1594 569 1660 617 24,
1683 569 1736 608 53
1768 569 1881 620 quod

269 652 471 692 umquam
503 670 512 678 .
536 669 544 678 .
570 669 578 678 .
604 638 779 678 huiusce
811 638 925 677 modi
957 637 1238 677 everriculum
1259 667 1267 675 .
1292 667 1300 675 .
1325 667 1332 675 .
1357 636 1443 675 fuit
1465 666 1473 674 .
1497 666 1505 674 .
1530 666 1538 674 .
1564 635 1668 687 quid
1699 635 1879 674 facimus

270 707 315 746 in
348 707 479 747 Verre
514 718 640 758 quem
678 705 724 744 in
762 699 854 744 luto
888 705 1128 744 volutatum
1279 702 1533 743 invenimus.
1609 703 1774 753 Fragm.
1812 715 1877 753 ap.

271 773 413 820 Quint.
436 773 500 813 VI
531 767 571 822 3,
593 772 646 812 55
675 775 724 811 ut
748 771 891 811 omnia
919 774 1107 810 verreret
1138 771 1291 811 Verres
1350 770 1463 809 Plut.
1489 769 1572 810 Cic.
1607 771 1630 809 7
1652 770 1694 809 τί
1710 769 1878 822 Ἰουδαίῳ

270 841 366 893 πρὸς
385 846 516 894 χοῖρον
544 839 570 878 i.
594 852 627 878 e.
651 839 756 890 quid
775 839 958 878 Iudaeus
980 851 1075 878 cum
1095 850 1227 877 verre.
1289 838 1332 876 It
1353 850 1450 888 may
1470 837 1521 876 be
1544 836 1766 875 remarked
1785 836 1880 875 that

271 907 388 958 Aper
409 906 547 957 might
574 906 681 945 have
703 906 838 945 found
863 918 992 957 many
1013 905 1206 956 apposite
1228 904 1513 943 illustrations
1535 903 1581 942 of
1601 903 1880 942 ‘scurrilitas’

272 973 319 1012 in
337 986 447 1013 none
468 973 590 1013 other
609 973 716 1012 than
737 972 908 1013 Cassius
931 973 1110 1012 Severus
1133 971 1319 1010 himself.
1382 971 1455 1022 Cp.
1471 970 1633 1010 Robert
1651 970 1679 1009 l.
1699 983 1730 1010 c.
1755 984 1794 1022 p.
1813 972 1879 1010 44.

271 1041 430 1081 —sola
453 1041 667 1080 mirantur
691 1043 820 1091 atque
851 1040 1120 1090 exprimunt:
1163 1038 1226 1079 Cf.
1266 1038 1410 1085 Quint.
1446 1039 1488 1077 X
1523 1038 1562 1086 2,
1599 1038 1651 1076 18
1682 1051 1881 1076 noveram

273 1107 478 1159 quosdam
498 1107 572 1159 qui
599 1120 643 1146 se
664 1107 838 1158 pulchre
870 1106 1129 1157 expressisse
1152 1118 1281 1156 genus
1313 1105 1422 1144 illud
1451 1104 1647 1144 caelestis
1678 1104 1804 1143 huius
1836 1105 1882 1143 in

273 1174 452 1214 dicendo
466 1173 550 1213 viri
571 1173 653 1213 sibi
666 1173 926 1222 viderentur,
942 1173 979 1212 si
1000 1173 1045 1211 in
1061 1172 1252 1212 clausula
1272 1171 1537 1223 posuissent:
1560 1184 1650 1210 esse
1671 1171 1879 1211 videatur.

274 1241 340 1282 On
366 1241 439 1281 the
461 1241 575 1281 force
597 1241 643 1280 of
672 1247 806 1292 atque,
834 1240 956 1292 ‘they
976 1239 1203 1291 faithfully
1223 1252 1330 1291 copy
1350 1239 1470 1278 these
1491 1238 1636 1289 things
1667 1238 1712 1277 in
1742 1252 1882 1278 conse-

273 1321 433 1360 quence
454 1308 500 1347 of
519 1308 631 1347 their
652 1307 908 1347 admiration
929 1307 996 1346 for
1016 1307 1161 1356 them,'
1184 1319 1253 1345 see
1274 1310 1373 1345 note
1395 1319 1427 1346 c.
1450 1307 1476 1344 4
1501 1312 1533 1344 3.

330 1375 356 1415 5
386 1386 519 1427 genus
543 1375 784 1415 hominum:
828 1375 880 1412 In
904 1374 978 1413 the
1011 1374 1165 1413 second
1196 1376 1292 1424 part
1320 1373 1366 1411 of
1396 1373 1469 1412 the
1501 1373 1678 1422 Annals,
1709 1373 1880 1413 Tacitus

272 1454 370 1481 uses
391 1454 523 1493 genus
543 1442 786 1480 mortalium
811 1445 862 1497 (e.
881 1454 917 1491 g.
940 1441 1057 1480 XIII
1079 1441 1132 1480 50
1163 1440 1270 1479 XIV
1290 1440 1343 1479 27
1364 1440 1470 1479 XVI
1493 1439 1579 1491 13),
1603 1453 1639 1490 g.
1662 1440 1881 1479 hominum

274 1521 419 1548 occurs
440 1509 496 1548 H.
520 1509 543 1547 I
563 1509 616 1547 22
637 1509 672 1548 V
697 1509 722 1548 3
743 1509 826 1547 and
847 1507 959 1546 Ann.
982 1508 1046 1547 IV
1066 1508 1131 1546 30.

337 1574 601 1625 significasse
640 1576 888 1614 contentus:
951 1574 1018 1614 On
1052 1580 1258 1612 contentus
1293 1573 1398 1612 with
1433 1573 1659 1623 infinitive‚
1693 1574 1747 1613 cf.
1781 1579 1880 1614 note

273 1654 307 1681 c.
344 1641 397 1681 18
434 1642 714 1693 13.—utique
737 1644 963 1682 versantur
987 1644 1087 1681 ante
1111 1641 1275 1681 oculos:
1318 1640 1407 1679 The
1448 1653 1562 1679 same
1601 1641 1755 1692 phrase
1795 1654 1880 1680 was

272 1708 379 1747 used
396 1708 454 1759 by
473 1708 589 1759 Aper
609 1720 642 1747 c.
666 1708 719 1747 16
741 1714 794 1746 19.

335 1775 360 1814 7
400 1774 616 1813 Lucilium
648 1785 724 1825 pro
753 1775 934 1815 Horatio
959 1777 1001 1815 et
1026 1775 1271 1815 Lucretium
1288 1786 1363 1826 pro
1388 1775 1604 1826 Vergilio:
1647 1775 1714 1815 Of.
1737 1775 1879 1821 Quint.

272 1841 315 1880 X
335 1841 373 1890 1,
395 1842 449 1881 93
469 1841 499 1880 f.
561 1841 751 1881 Lucilius
773 1842 978 1892 quosdam
998 1841 1061 1880 ita
1081 1841 1248 1880 deditos
1270 1841 1351 1880 sibi
1368 1841 1504 1880 adhuc
1525 1841 1653 1881 habet
1673 1846 1880 1881 amatores

270 1910 321 1946 ut
352 1920 447 1947 eum
481 1921 566 1947 non
598 1907 787 1947 eiusdem
821 1908 945 1947 modo
981 1908 1120 1959 operis
1156 1907 1397 1947 auctoribus
1433 1911 1484 1963 (e.
1505 1922 1540 1958 g.
1579 1908 1764 1961 Horace)
1808 1910 1881 1948 sed

272 1974 466 2014 omnibus
487 1974 624 2026 poetis
640 1975 856 2027 praeferre
878 1988 962 2014 non
983 1975 1191 2014 dubitent.
1252 1975 1292 2013 A
1307 1975 1552 2026 preference
1570 1975 1636 2014 for
1658 1976 1881 2015 Lucretius

273 2053 373 2080 over
393 2041 532 2093 Virgil
552 2041 588 2081 is
611 2042 703 2081 still
719 2042 872 2082 shared
891 2042 948 2094 by
968 2055 1095 2094 many
1118 2043 1291 2081 modern
1312 2042 1514 2082 scholars.
1576 2042 1639 2082 Cf.
1664 2043 1753 2082 also
1775 2043 1878 2082 Hor.

273 2108 351 2159 Ep.
373 2108 421 2147 II
443 2109 481 2158 1,
503 2109 557 2148 64
577 2109 621 2148 ff.
684 2109 776 2148 Sen.
809 2110 886 2160 Ep.
911 2109 1005 2159 114,
1038 2110 1091 2149 13
1121 2109 1248 2149 multi
1279 2122 1330 2149 ex
1362 2109 1501 2148 alieno
1532 2109 1700 2148 saeculo
1729 2114 1882 2161 petunt

272 2174 414 2225 verba,
428 2175 649 2215 duodecim
661 2176 828 2216 tabulas
841 2176 1086 2227 loquuntur,
1107 2176 1320 2216 Gracchus
1338 2176 1426 2215 illis
1445 2180 1487 2215 et
1504 2177 1679 2216 Crassus
1697 2181 1740 2216 et
1755 2178 1881 2217 Curio

273 2241 401 2281 nimis
421 2242 526 2282 culti
546 2246 590 2282 et
610 2247 800 2282 recentes
822 2246 922 2282 sunt
943 2258 950 2281 :
982 2243 1036 2282 ad
1057 2243 1246 2295 Appium
1267 2256 1400 2295 usque
1422 2247 1465 2283 et
1486 2244 1540 2283 ad
1571 2245 1881 2285 Coruncanium

272 2309 450 2348 redeunt
487 2309 543 2349 id.
561 2323 626 2361 ap.
647 2310 754 2350 Gell.
772 2310 865 2349 XII
885 2311 911 2348 2
933 2310 1118 2349 admiror
1134 2310 1506 2362 eloquentissimos
1523 2311 1637 2350 viros
1654 2315 1697 2350 et
1713 2311 1880 2351 deditos

271 2376 412 2416 Ennio
441 2389 517 2428 pro
546 2377 719 2428 optimis
751 2377 931 2416 ridicula
960 2377 1154 2417 laudasse
1178 2408 1185 2416 .
1209 2408 1218 2417 .
1241 2407 1250 2416 .
1274 2377 1446 2429 quidam
1477 2382 1589 2427 sunt,
1616 2378 1769 2429 inquit,
1792 2382 1880 2418 tam

271 2442 414 2493 magni
444 2455 590 2483 sensus
612 2444 659 2491 Q.
681 2444 812 2482 Ennii
841 2448 889 2483 ut
919 2444 1020 2484 licet
1050 2444 1200 2495 scripti
1231 2443 1318 2483 sint
1347 2443 1461 2483 inter
1490 2444 1691 2494 hircosos,
1715 2445 1880 2496 possint

270 2512 414 2548 tamen
445 2509 557 2549 inter
585 2514 870 2562 unguentatos
901 2511 1066 2563 placere
1120 2512 1236 2550 Pers.
1268 2510 1292 2549 I
1319 2511 1373 2551 76
1402 2510 1447 2550 ff.
1471 2514 1536 2550 est
1570 2524 1680 2550 nunc
1713 2512 1879 2551 Brisaei

271 2589 396 2627 quem
433 2589 614 2617 venosus
652 2578 761 2617 liber
800 2578 896 2617 Atti
923 2577 927 2634 Ι
955 2582 1054 2617 sunt
1093 2589 1198 2630 quos
1237 2576 1533 2629 Pacuviusque
1573 2582 1616 2617 et
1655 2591 1880 2618 verrucosa

271 2646 458 2682 moretur
484 2642 489 2699 Ι
514 2643 703 2696 Antiopa
742 2645 954 2684 aerumnis
987 2658 1058 2684 cor
1089 2644 1362 2684 luctificabile
1397 2644 1511 2684 fulta
1567 2646 1693 2684 Mart.
1725 2646 1791 2684 XI
1824 2646 1877 2684 90

270 2710 458 2750 carmina
490 2711 609 2751 nulla
647 2712 797 2763 probas
838 2712 957 2751 molli
993 2725 1099 2764 quae
1138 2712 1276 2752 limite
1309 2715 1485 2751 currunt
1512 2711 1516 2767 Ι
1543 2712 1617 2751 sed
1657 2725 1762 2763 quae
1802 2725 1877 2763 per

271 2777 457 2817 salebras
490 2778 659 2830 altaque
694 2792 798 2819 saxa
829 2780 985 2819 cadunt
1012 2779 1017 2835 Ι
1044 2783 1087 2819 et
1126 2779 1207 2819 tibi
1250 2779 1444 2818 Maeonio
1485 2791 1651 2830 quoque
1691 2779 1876 2818 carmine

270 2843 404 2883 maius
435 2844 614 2884 habetur
640 2845 645 2902 Ι
671 2847 854 2886 Luceilei
882 2847 1106 2894 columella,
1130 2846 1217 2885 heic
1246 2846 1342 2884 situ'
1364 2847 1665 2896 Metrophanes,
1694 2845 1698 2900 Ι
1725 2845 1877 2884 attoni-

269 2914 423 2962 tusque
443 2910 550 2962 legis
572 2916 701 2952 terra'i
719 2913 958 2965 sruquera'z'
989 2911 1205 2968 (Ennius),
1234 2910 1239 2969 Ι
1266 2911 1420 2951 Accius
1447 2915 1489 2951 et
1510 2911 1718 2963 quidquid
1748 2912 1876 2951 Pacu-
