2262 3224
395 218 482 259 122
1105 226 1270 259 No'rEs.

395 357 504 383 crem
530 343 793 394 voluptatem
824 343 935 393 quod
963 342 1074 380 hunc
1103 341 1258 380 librum
1282 344 1353 397 (sc.
1377 342 1701 395 Panegyricum)
1725 355 1819 382 cum
1839 343 1983 384 amicis

395 410 571 448 recitare
592 409 831 456 voluissem,
854 421 936 446 non
957 420 1031 458 per
1051 407 1278 456 codiciHOS,
1301 421 1384 446 non
1411 421 1485 459 per
1506 408 1684 457 libellos,
1706 409 1780 447 sed
1800 408 1809 425 ‘
1823 409 1860 448 si
1880 422 1986 448 com-

394 477 563 514 modum
577 475 587 495 ⁷
619 478 661 513 et
691 474 700 490 ³
714 474 749 513 si
770 474 892 512 valde
913 477 1081 512 vacaret
1094 473 1104 493 '
1127 473 1332 512 admoniti
1356 477 1600 529 (numquam
1625 487 1748 525 porro
1768 478 1841 513 aut
1860 475 1983 515 valde

393 547 515 580 vacat
546 542 703 579 Romae
733 544 806 579 aut
835 540 1095 578 commodum
1127 543 1192 578 est
1224 539 1367 578 audire
1399 540 1676 592 recitantem).
1736 554 1877 591 roqare
1905 541 1984 593 ‘by

393 607 545 655 letter,⁷
569 607 720 645 ambire
741 606 820 658 ‘by
840 606 928 644 oral
950 605 1256 644 solicitations.'
1285 609 1292 613 ”

449 674 500 713 17
533 674 698 713 domum
722 675 959 712 mutuatur:
992 672 1082 710 Iuv.
1114 672 1201 711 VII
1232 673 1284 711 38
1312 672 1355 710 ff.
1388 672 1425 710 si
1455 673 1673 712 dulcedine
1704 674 1840 712 famae
1867 673 1871 730 Ι
1897 686 1986 714 suc-

393 752 540 778 census
581 739 744 788 recites,
786 738 1019 777 maculosas
1069 739 1304 777 commodat
1343 739 1466 777 aedes
1493 738 1498 794 Ι
1524 739 1625 778 haec
1663 739 1786 789 longe
1825 740 1984 780 ferrata

393 806 538 844 domus
571 805 728 844 servire
759 805 926 843 iubetur
953 804 957 860 Ι
984 804 1028 842 in
1053 817 1135 854 qua
1159 804 1361 843 sollicitas
1387 803 1578 843 imitatur
1599 805 1724 844 ianua
1744 809 1885 856 portas
1907 836 1915 845 .
1939 837 1947 845 .
1971 836 1980 845 .

392 885 513 910 nemo
549 871 665 910 dabit
699 884 854 921 regum,
892 870 1040 922 quanti
1075 870 1275 909 subsellia
1314 870 1536 926 constent}
1563 875 1605 910 et
1640 885 1743 922 quae
1779 873 1982 912 conducto

392 939 577 989 pendent
593 938 823 976 anabathra
838 937 977 987 tigillo
1004 936 1009 992 Ι
1035 949 1223 987 quaeque
1245 937 1507 987 reportandis
1529 938 1666 988 posita
1686 942 1750 977 est
1770 939 1983 978 orchestra

392 1004 614 1043 cathedris.
677 1004 742 1043 On
772 1003 1015 1042 recitations
1047 1003 1091 1040 in
1121 1003 1264 1051 Rome,
1287 1015 1356 1042 see
1377 1003 1650 1042 Friedlander
1670 1003 1758 1042 ΠΙ6
1776 1005 1980 1054 419-424,

392 1071 474 1109 and
504 1070 732 1121 especially
753 1069 825 1108 the
855 1069 1101 1107 exhaustive
1132 1072 1250 1107 notes
1276 1069 1322 1107 of
1350 1070 1500 1121 Mayor
1519 1073 1563 1108 to
1584 1070 1673 1108 Iuv.
1697 1070 1768 1108 ΠΙ
1789 1072 1814 1109 9
1839 1071 1935 1126 (vol.
1959 1072 1982 1110 Ι

392 1151 430 1188 p.
451 1137 656 1181 ,173-181.
679 1137 760 1175 346
781 1135 831 1187 f.)
867 1136 953 1175 VII
983 1136 1035 1174 38
1057 1135 1099 1173 ff.
1126 1135 1223 1190 (vol.
1246 1135 1268 1173 1
1297 1136 1378 1174 282
1401 1136 1429 1174 f.
1452 1135 1550 1187 443)
1585 1136 1638 1174 84
1675 1136 1772 1191 (vol.
1796 1137 1819 1174 1
1847 1137 1928 1176 289
1949 1137 1979 1176 f.

391 1203 505 1255 445).

448 1270 499 1308 18
531 1270 699 1309 libellos
724 1269 951 1319 dispergit:
974 1268 1240 1306 ‘distributes
1262 1269 1563 1319 programmes'
1586 1272 1660 1307 not
1681 1269 1690 1284 ‘
1705 1268 1981 1319 invitations,'

391 1349 436 1374 as
463 1336 631 1386 usually
651 1335 925 1386 interpreted,
948 1335 1014 1373 for
1042 1334 1162 1373 these
1192 1334 1298 1373 have
1326 1335 1432 1373 been
1461 1334 1631 1386 already
1652 1335 1898 1385 designated
1925 1336 1982 1388 by

391 1401 586 1452 ‘rogare’
646 1401 709 1441 Cf.
741 1401 824 1441 Cic.
856 1400 965 1439 Phil.
996 1401 1043 1438 11
1070 1401 1135 1449 38,
1167 1402 1219 1439 97
1247 1400 1525 1450 gladiatorum
1555 1401 1721 1440 libellos
1748 1402 1978 1441 venditare.

393 1469 457 1508 On
488 1468 561 1506 the
593 1480 719 1518 many
749 1466 1052 1517 significations
1083 1466 1128 1504 of
1160 1466 1342 1514 libellus,
1377 1479 1444 1505 see
1474 1467 1702 1517 Landgraf,
1734 1467 1886 1506 Archiv
1917 1468 1980 1508 VI

391 1547 429 1584 p.
453 1535 545 1573 248.

448 1601 498 1639 19
534 1603 582 1640 ut
604 1601 873 1640 beatissimus
898 1624 905 1632 ·
934 1624 942 1632 ·
973 1624 979 1632 ·
1009 1602 1180 1639 eventus
1212 1602 1505 1650 prosequatur:
1537 1606 1584 1638 ut
1618 1599 1627 1615 ²
1645 1612 1750 1638 even
1784 1601 1981 1651 granting

390 1667 509 1715 that,'
532 1679 674 1705 occurs
696 1669 771 1704 not
791 1665 941 1704 earlier
961 1665 1065 1703 than
1086 1665 1242 1713 Cicero,
1265 1665 1358 1703 who
1378 1677 1473 1703 uses
1499 1665 1534 1703 it
1558 1665 1603 1703 in
1629 1665 1715 1704 this
1737 1678 1857 1705 sense
1876 1679 1980 1718 very

390 1733 645 1783 frequently.
706 1733 748 1770 It
778 1731 813 1770 is
844 1735 919 1769 not
949 1731 1081 1769 found
1112 1731 1156 1768 in
1185 1731 1354 1780 Sallust,
1377 1732 1460 1770 and
1480 1731 1515 1769 is
1538 1732 1868 1783 comparatively
1887 1745 1978 1771 rare

390 1799 435 1837 in
456 1800 575 1838 other
595 1799 772 1837 Writers.
832 1798 973 1844 Quint.
988 1798 1051 1838 VI
1071 1799 1108 1847 3,
1127 1799 1206 1836 112
1228 1798 1271 1835 in
1293 1798 1443 1848 quibus
1463 1801 1511 1836 ut
1532 1798 1770 1847 erraverim,
1791 1799 1978 1849 legentes

389 1870 531 1904 tamen
560 1878 644 1904 non
675 1865 830 1915 decepi.
892 1865 943 1902 111
965 1864 1163 1902 Tacitus:
1195 1865 1303 1902 Ann.
1327 1864 1390 1903 IV
1409 1865 1461 1903 33
1491 1868 1621 1914 utque
1648 1865 1835 1903 familiae
1862 1865 1978 1916 ipsae

390 1932 623 1970 exstinctae
645 1931 731 1970 sint
752 1932 804 1969 40
834 1944 909 1980 ego
938 1935 986 1969 ut
1017 1930 1163 1969 sinam.
1225 1931 1296 1981 Cp.
1320 1931 1392 1968 Dr.
1409 1932 1462 1968 H.
1482 1930 1521 1969 S.
1546 1931 1592 1968 II
1614 1931 1692 1970 758
1714 1931 1756 1969 ff.
1771 1932 1980 1970 -beatis-

389 1998 517 2036 simus
538 2004 700 2036 eventus
725 1997 858 2035 ‘most
888 1996 1122 2047 gratifying
1151 2009 1327 2045 success,
1354 1996 1491 2035 issue!
1551 1996 1784 2036 ‘Eventus'
1807 1997 1842 2036 is
1869 2010 1894 2037 a
1920 2010 1981 2037 so-

390 2064 524 2102 called
558 2064 806 2102 vocabulum
836 2063 1032 2110 medium,
1064 2063 1266 2112 denoting
1295 2062 1429 2101 either
1457 2075 1481 2101 a
1507 2063 1613 2112 good
1642 2076 1687 2101 or
1720 2063 1801 2102 bad
1834 2064 1977 2103 result.

390 2131 453 2169 Cf.
477 2130 587 2168 Plin.
611 2131 688 2180 Ep.
710 2130 749 2169 V
769 2130 834 2178 20,
856 2130 880 2167 2
914 2129 979 2178 egi
1006 2142 1082 2179 pro
1102 2129 1279 2177 Vareno,
1310 2142 1393 2167 non
1424 2128 1514 2167 sine
1541 2133 1721 2167 eventu:
1749 2142 1846 2168 nam
1874 2130 1979 2169 bene

389 2209 442 2234 an
471 2196 590 2244 male,
613 2196 720 2234 liber
743 2195 957 2234 indicabit.
1021 2196 1137 2233 Used
1167 2195 1210 2232 in
1241 2195 1392 2233 bonam
1423 2198 1585 2245 partem
1615 2195 1658 2233 in
1690 2195 1799 2234 Ann.
1833 2196 1880 2234 II
1911 2196 1977 2245 26,
2019 2203 2021 2210 ’

388 2263 526 2301 where
549 2275 616 2300 see
637 2262 894 2312 Nipperdey.
913 2286 969 2291 —
984 2264 1316 2312 prosequatur:
1331 2264 1541 2311 sequatur.
1603 2261 1665 2300 Cf.
1685 2265 1782 2300 note
1803 2275 1836 2300 c.
1858 2264 1883 2301 7
1906 2267 1957 2300 17.

444 2330 497 2367 20
528 2341 658 2368 unum
683 2331 757 2368 aut
781 2329 983 2367 alterum:
1010 2327 1072 2366 Cf.
1097 2339 1128 2365 c.
1152 2328 1203 2365 21
1226 2333 1246 2364 6
1272 2328 1324 2365 29
1346 2334 1365 2364 2
1391 2328 1443 2366 39
1467 2333 1507 2364 13
1528 2327 1604 2377 Ag.
1629 2328 1691 2366 15.
1710 2329 1762 2366 40
1779 2328 1888 2366 Ann.
1907 2328 1978 2366 III

389 2397 441 2433 34
472 2395 555 2433 and
586 2395 634 2434 G.
658 2395 682 2433 6
715 2395 770 2432 H.
795 2394 816 2431 Ι
849 2394 901 2432 83
926 2393 1035 2431 Ann.
1060 2394 1130 2430 III
1162 2394 1225 2431 47.
1257 2393 1320 2432 IV
1343 2393 1395 2432 17
1421 2406 1527 2431 unus
1549 2393 1719 2432 alterve.
1779 2394 1833 2431 H.
1858 2394 1904 2431 II
1925 2395 1977 2432 75

389 2461 498 2499 Ann.
522 2461 638 2499 XIII
658 2461 711 2499 46
732 2472 839 2498 unus
861 2458 1060 2509 alterque.
1113 2459 1167 2496 H.
1191 2460 1230 2498 V
1250 2460 1274 2498 6
1295 2471 1403 2497 unus
1425 2462 1550 2509 atque
1572 2459 1688 2497 alter.
1749 2459 1837 2498 The
1858 2472 1980 2510 copu-

388 2526 518 2565 lative
549 2526 820 2577 conjunction
851 2526 924 2564 has
951 2538 1002 2563 an
1029 2525 1238 2563 intensive
1263 2525 1376 2563 force
1401 2526 1468 2579 (G.
1492 2525 1542 2562 11
1568 2528 1610 2563 et
1637 2525 1743 2563 alter
1764 2529 1806 2563 et
1825 2525 1976 2564 tertius

389 2592 477 2630 dies
499 2592 762 2630 cunctatione
788 2591 1047 2630 consumitur
1068 2591 1170 2629 Hor.
1192 2591 1274 2629 Sat.
1294 2591 1340 2628 II
1361 2591 1398 2639 5,
1420 2591 1474 2628 24
1495 2590 1614 2628 vafer
1633 2603 1740 2629 unus
1761 2594 1803 2629 et
1823 2591 1947 2643 alter)
1967 2606 1976 2641 3

387 2658 532 2709 joined
559 2658 616 2708 by
637 2658 749 2696 ‘aut'
772 2671 819 2695 or
837 2657 935 2706 ‘ve,⁷
957 2657 1029 2695 the
1055 2657 1206 2707 phrase
1235 2657 1401 2707 implies
1423 2657 1557 2695 either
1579 2656 1587 2672 ²
1602 2669 1626 2695 a
1645 2657 1726 2695 few
1741 2658 1750 2676 ²
1776 2661 1838 2712 (so
1859 2658 1974 2709 here)

389 2737 435 2762 or
456 2724 464 2740 ‘
478 2737 554 2762 one
576 2737 621 2762 or
641 2725 713 2762 the
735 2724 855 2762 other
869 2724 878 2742 '
899 2723 1027 2762 taken
1049 2727 1093 2761 at
1115 2724 1297 2761 random.
1350 2723 1412 2762 Cf.
1431 2723 1558 2773 Nipp.
1575 2722 1684 2761 Ann.
1700 2724 1772 2761 III
1787 2725 1840 2762 34
1861 2724 1978 2763 John

390 2791 441 2828 ad
463 2803 495 2828 c.
518 2790 569 2828 21
592 2796 612 2827 6
638 2790 839 2838 Schmalz,
862 2790 995 2827 Antib.
1020 2803 1059 2839 p.
1084 2790 1174 2828 137.
1190 2789 1383 2827 —After
1403 2789 1521 2837 diem,
1548 2801 1572 2827 a
1598 2789 1838 2840 participial
1867 2790 1977 2828 form

390 2857 435 2894 of
461 2868 562 2904 esse,
583 2870 628 2894 or
649 2869 673 2895 a
697 2858 965 2904 subordinate
996 2869 1089 2894 cum
1119 2856 1270 2904 clause,
1292 2868 1390 2906 may
1409 2854 1460 2893 be
1486 2854 1681 2905 supplied
1710 2855 1755 2893 in
1783 2855 1974 2905 thought.
