2262 3224
1000 231 1039 265 c.
1066 231 1121 263 23.
1780 216 1864 260 247

260 352 322 392 ite
353 363 431 392 one
462 350 509 390 in
538 350 614 390 the
645 349 812 389 Middle
845 349 970 400 Ages.
1033 348 1107 400 Cp.
1130 347 1347 396 Petrarch,
1376 347 1439 386 De
1471 346 1624 386 remed.
1647 345 1870 396 utriusque

261 419 361 458 fort.
384 416 556 457 Praef.:
588 416 734 456 attolit
767 429 814 455 ac
847 415 979 455 deicit
1011 418 1053 454 et
1085 414 1132 453 in
1164 427 1315 466 gyrum
1346 418 1471 463 rotat,
1503 415 1587 452 and
1618 413 1653 452 is
1680 425 1871 452 common

263 485 310 524 in
338 483 521 535 English
551 483 774 522 literature
807 483 919 521 from
951 482 1026 522 the
1050 481 1154 521 time
1189 480 1236 520 of
1269 480 1390 520 Rich.
1427 480 1551 519 Rolle
1584 479 1630 519 of
1660 479 1872 531 Hampole

267 555 319 608 (c.
343 550 610 603 1290-1349)
634 551 719 589 and
748 550 949 590 Chaucer.
1012 549 1089 588 See
1120 548 1210 587 also
1232 547 1350 588 John
1370 548 1418 586 E.
1443 547 1627 596 Matzke,
1650 547 1807 586 Public.
1832 548 1882 598 of

265 619 334 658 the
354 619 464 658 Mod.
486 619 618 668 Lanq.
642 617 773 656 Assoc.
798 618 849 668 of
860 616 1052 655 America
1080 616 1188 655 New
1211 614 1350 654 Series
1373 615 1396 652 I
1416 615 1454 654 3.
1468 615 1605 654 —ius
1628 615 1871 655 verrinum:

267 685 309 724 A
344 684 497 725 double
531 697 631 736 pun,
653 683 727 723 the
762 683 916 734 phrase
949 675 1189 734 signifying
1222 681 1360 721 either
1392 681 1594 721 ‘Verrine
1628 681 1805 733 justice'
1829 694 1875 720 or

267 751 428 792 ‘boar’s
459 751 609 791 sauce.’
669 751 756 789 But
788 750 834 788 in
862 749 1016 802 justice
1049 753 1101 792 to.
1126 749 1272 790 Cicero
1304 748 1339 787 it
1368 751 1482 787 must
1513 748 1564 787 be
1590 748 1877 787 remembered

267 819 366 858 that
384 818 458 858 the
474 823 614 857 orator
633 817 810 856 himself
831 817 1047 856 disclaims
1068 816 1142 855 the
1163 815 1415 867 authorship
1431 815 1478 854 of
1496 815 1617 854 these
1638 815 1771 866 frigid
1786 815 1879 854 wit-

268 885 446 934 ticisms,
463 898 488 924 a
499 885 586 924 fact
599 884 740 923 which
754 884 871 935 Aper
884 883 1294 934 characteristically
1310 882 1489 934 ignores.
1543 882 1619 921 See
1636 883 1754 922 Verr.
1773 882 1821 920 II
1838 882 1876 931 1,

268 953 337 1002 46,
358 952 439 992 121
469 951 569 991 hinc
590 951 656 990 illi
677 951 871 990 homines
893 954 1013 990 erant
1035 950 1109 1002 qui
1130 950 1259 989 etiam
1280 949 1451 989 ridiculi
1478 949 1804 988 inveniebantur
1826 961 1879 988 ex

270 1019 412 1059 dolore
436 1034 444 1058 :
476 1031 654 1071 quorum
685 1018 772 1068 alii,
795 1018 840 1057 id
871 1018 984 1069 quod
1016 1030 1140 1068 saepe
1174 1017 1367 1066 audistis,
1395 1017 1607 1067 negabant
1639 1016 1879 1055 mirandum

270 1099 363 1126 esse
387 1087 453 1125 ius
472 1090 560 1125 tam
592 1098 775 1137 nequam
806 1098 898 1124 esse
928 1085 1168 1124 verrinum:
1199 1084 1274 1123 alii
1307 1084 1436 1123 etiam
1467 1083 1711 1134 frigidiores
1745 1087 1878 1132 erant,

272 1153 347 1193 sed
366 1153 467 1205 quia
487 1153 873 1201 stomachabantur,
896 1151 1066 1190 ridiculi
1087 1151 1344 1191 videbantur
1371 1164 1462 1190 esse
1485 1164 1580 1190 cum
1612 1150 1880 1190 Sacerdotem

272 1219 611 1268 exsecrabantur,
634 1218 707 1270 qui
727 1231 892 1257 verrem
912 1222 1000 1257 tam
1021 1231 1204 1269 nequam
1234 1218 1493 1269 reliquisset.
1560 1218 1674 1266 Quae
1704 1231 1771 1268 eqo
1801 1231 1882 1256 non

272 1300 622 1326 commenwrarem
641 1289 786 1341 (neque
802 1285 911 1324 enim
924 1286 1134 1335 perfacete
1154 1285 1265 1323 dicta
1285 1298 1414 1335 neque
1427 1298 1550 1335 porro
1572 1285 1649 1322 hae
1668 1284 1882 1323 severitate

274 1353 404 1404 diqna
422 1352 534 1405 sunt)
558 1353 643 1391 nisi
671 1366 738 1391 vos
767 1352 876 1390 illud
903 1352 1046 1390 vellem
1075 1351 1293 1401 reeordari,
1317 1352 1440 1390 istius
1469 1351 1699 1402 nequitiam
1720 1357 1808 1390 tum
1836 1351 1883 1389 in

274 1433 340 1459 ore
370 1419 485 1470 vulqi
515 1425 635 1470 atque
666 1419 711 1457 in
745 1418 1018 1457 communibus
1048 1420 1275 1468 proverbiis
1305 1433 1387 1458 esse
1417 1426 1622 1457 versatam
1652 1419 1736 1457 and
1764 1418 1811 1456 ΙΙ
1841 1418 1880 1467 4,

274 1486 343 1537 43,
364 1487 418 1526 95
449 1487 605 1538 quoted
633 1485 780 1524 below.
841 1484 1095 1523 Rufinianus
1128 1497 1168 1535 p.
1203 1485 1256 1523 39
1290 1484 1345 1523 H.
1375 1483 1479 1522 cites
1513 1483 1600 1522 this
1631 1497 1718 1535 pun
1750 1496 1796 1523 as
1828 1497 1880 1523 an

276 1552 470 1604 example
490 1552 537 1592 of
565 1552 786 1603 ἀστεῖσμός,
809 1552 885 1591 but
906 1551 1046 1597 Quint.
1069 1551 1132 1590 VI
1154 1551 1192 1599 3,
1214 1551 1240 1588 4
1271 1550 1316 1588 111
1338 1550 1453 1589 what
1474 1550 1716 1590 sometimes
1748 1564 1882 1590 seems

275 1624 320 1660 to
354 1632 421 1659 mc
452 1619 540 1658 like
575 1632 630 1658 an
668 1618 985 1658 unmistakable
1018 1618 1203 1657 allusion
1246 1621 1290 1656 to
1327 1617 1478 1669 Aper's
1513 1618 1659 1657 unfair
1694 1631 1881 1668 censure,

277 1686 401 1738 again
421 1686 558 1726 draws
579 1685 792 1725 attention
811 1689 856 1724 to
883 1685 1065 1725 Cicero's
1096 1685 1255 1723 motive
1286 1684 1331 1722 in
1361 1684 1633 1735 introducing
1652 1685 1772 1724 these
1794 1698 1885 1736 par-

276 1753 430 1792 ticular
451 1753 558 1805 jeuae
587 1753 635 1809 de
666 1758 777 1791 mots.
839 1753 907 1791 He
940 1752 1039 1791 does
1072 1755 1147 1790 not
1180 1752 1291 1803 deny
1312 1751 1408 1790 that
1437 1752 1510 1790 the
1532 1756 1673 1791 orator
1702 1752 1748 1790 in
1778 1752 1883 1803 ipsis

277 1819 406 1859 etiam
440 1819 701 1859 orationibus
737 1819 907 1858 habitus
942 1822 1008 1857 est
1040 1818 1197 1857 nimius
1231 1818 1341 1857 risus
1374 1819 1611 1858 adfectator
1650 1822 1736 1874 (see
1769 1819 1883 1859 Plut.

278 1887 421 1938 Comp.
445 1887 564 1925 Dem.
588 1890 631 1925 et
652 1886 735 1926 Cic.
761 1886 804 1938 1)
826 1886 904 1924 but
924 1885 976 1924 he
998 1886 1102 1924 adds
1133 1885 1239 1923 mihi
1261 1885 1433 1936 quidem
1455 1916 1462 1924 .
1487 1916 1495 1924 .
1521 1916 1528 1924 .
1551 1885 1660 1925 mira
1680 1887 1885 1937 quaedam

278 1953 324 1992 in
344 1966 392 1993 eo
412 1953 582 1992 videtur
602 1953 737 1991 fuisse
758 1952 976 1991 urbanitas
1000 1983 1008 1991 .
1034 1983 1041 1991 .
1066 1983 1074 1991 .
1098 1956 1140 1991 et
1166 1952 1242 1991 illa
1262 1952 1356 2003 ipsa
1377 1965 1482 2003 quae
1514 1957 1614 1991 sunt
1643 1952 1688 1991 in
1710 1954 1885 1993 Verrem

279 2019 396 2059 dicta
426 2019 638 2070 frigidius,
670 2019 767 2058 aliis
801 2018 1044 2069 adsignavit
1079 2022 1122 2058 et
1151 2018 1389 2058 testimonii
1419 2019 1511 2058 loco
1546 2019 1690 2070 posuit
1718 2023 1779 2068 ut,
1803 2033 1885 2071 quo

280 2089 380 2125 sunt
399 2085 533 2137 magis
554 2086 758 2136 vulgaria,
782 2098 830 2125 eo
851 2085 908 2124 sit
929 2085 1174 2125 credibilius
1206 2085 1282 2124 illa
1311 2086 1363 2124 ab
1384 2089 1548 2125 oratore
1569 2099 1654 2124 non
1683 2086 1781 2125 ficta
1811 2087 1886 2126 sed

278 2152 438 2204 passim
476 2165 568 2192 esse
607 2151 776 2192 iactata.
822 2152 917 2206 (See
957 2155 1056 2192 note
1093 2151 1249 2206 below)
1290 2151 1539 2203 utinamque
1578 2152 1757 2192 libertus
1795 2153 1885 2192 eius

279 2219 379 2258 Tiro
398 2222 472 2258 aut
491 2219 600 2258 alius
622 2218 816 2270 quisquis
839 2219 935 2267 fuit,
958 2219 1032 2269 qui
1051 2222 1139 2257 tres
1161 2218 1240 2257 hae
1262 2218 1313 2257 de
1335 2231 1378 2256 re
1399 2218 1530 2257 libros
1552 2218 1700 2267 edidit,
1719 2219 1885 2270 parcius

279 2285 488 2325 dictorum
518 2298 691 2324 numero
721 2285 972 2324 indulsisset
1003 2289 1046 2324 et
1075 2285 1171 2337 plus
1203 2284 1350 2324 iudicii
1380 2285 1424 2323 in
1452 2285 1658 2336 eligendis
1687 2299 1813 2336 quam
1842 2286 1886 2324 in

278 2352 553 2403 congerendis
604 2352 736 2391 studii
786 2352 1077 2391 adhibuisset:
1136 2352 1274 2390 minus
1323 2352 1494 2391 obiectus
1540 2353 1886 2391 calumniantibus

279 2414 392 2454 foret
411 2414 483 2466 qui
503 2418 647 2454 tamen
668 2427 779 2454 nunc
801 2428 979 2466 quoque,
995 2419 1044 2454 ut
1065 2415 1110 2454 in
1131 2415 1246 2454 omni
1267 2415 1357 2455 eius
1380 2416 1562 2467 ingenio,
1580 2418 1750 2458 facilius
1772 2419 1885 2470 quod

279 2481 383 2521 reici
403 2494 528 2532 quam
549 2482 662 2533 quod
682 2481 792 2521 adici
823 2482 959 2533 possit
988 2482 1221 2521 invenient.
1282 2483 1372 2522 The
1392 2483 1512 2535 jokes
1534 2484 1581 2522 of
1609 2485 1754 2525 Cicero
1774 2499 1883 2525 were

280 2543 532 2600 apparently
552 2549 723 2600 cagerly
743 2549 949 2588 collected
979 2549 1023 2587 in
1053 2549 1120 2588 his
1151 2549 1359 2589 life-time.
1421 2550 1485 2591 Cf.
1515 2551 1568 2590 ad
1598 2551 1697 2591 fam.
1721 2553 1809 2592 VII
1829 2553 1883 2592 32

281 2615 349 2654 IX
370 2615 436 2664 16,
457 2615 483 2653 4
513 2616 596 2655 XV
615 2616 682 2664 21,
704 2616 742 2654 2.
804 2616 887 2655 His
909 2629 1003 2655 own
1023 2616 1175 2668 theory
1196 2617 1243 2655 of
1268 2617 1344 2656 wit
1375 2617 1411 2656 is
1434 2618 1547 2669 fully
1574 2619 1807 2670 developed
1839 2620 1883 2658 in

279 2681 354 2721 the
375 2682 426 2721 de
447 2685 549 2721 orat.
569 2682 615 2720 II
638 2683 703 2731 54,
726 2683 903 2722 216-71.
922 2683 1015 2723 290.
1078 2683 1154 2722 See
1176 2683 1265 2722 also
1287 2684 1474 2735 Herwig,
1492 2686 1584 2724 Das
1607 2686 1821 2737 Wortspz‘el
1840 2688 1885 2726 in

287 2748 457 2788 Cicero’s
476 2749 628 2798 Reden,
652 2749 796 2800 Progr.
821 2749 1063 2788 Attendorn
1085 2750 1205 2789 1889.

336 2815 362 2853 2
393 2815 508 2855 istud
538 2816 665 2856 tertio
697 2828 862 2868 quoque
894 2828 1044 2856 sensu·
1066 2842 1073 2849 -
1097 2829 1214 2857 -esse
1237 2818 1458 2858 videatur:
1501 2818 1590 2858 The
1626 2819 1882 2870 rhythmica]

280 2881 471 2921 clausula
490 2881 589 2921 here
606 2883 811 2922 censured
830 2895 916 2922 was
938 2883 1194 2935 sufficiently
1211 2883 1411 2936 frequent
1431 2884 1476 2923 in
1498 2884 1643 2926 Cicero
1663 2889 1708 2925 to
1729 2890 1884 2926 attract
