<?xml version="1.0" encoding="UTF-8"?>
<!DOCTYPE html PUBLIC "-//W3C//DTD XHTML 1.0 Transitional//EN"
    "http://www.w3.org/TR/xhtml1/DTD/xhtml1-transitional.dtd">
<html xmlns="http://www.w3.org/1999/xhtml" xml:lang="en" lang="en">
 <head>
  <title>
</title>
<meta http-equiv="Content-Type" content="text/html;charset=utf-8" />
  <meta name='ocr-system' content='tesseract 3.04.00' />
  <meta name='ocr-capabilities' content='ocr_page ocr_carea ocr_par ocr_line ocrx_word'/>
</head>
<body>
  <div class='ocr_page' id='page_1' title='image "./dialogusdeorator00taciuoft_0104.png"; bbox 0 0 2262 3224; ppageno 0'>
   <div class='ocr_carea' id='block_1_1' title="bbox 513 211 538 240">
    <p class='ocr_par' dir='ltr' id='par_1_1' title="bbox 513 211 538 240">
     <span class='ocr_line' id='line_1_1' title="bbox 513 211 538 240; baseline 0 0"><span class='ocrx_word' id='word_1_1' title='bbox 513 211 538 240; x_wconf 80' lang='lat' dir='ltr'>O</span> 
     </span>
    </p>
   </div>
   <div class='ocr_carea' id='block_1_2' title="bbox 1121 210 1497 244">
    <p class='ocr_par' dir='ltr' id='par_1_2' title="bbox 1121 210 1497 244">
     <span class='ocr_line' id='line_1_2' title="bbox 1121 210 1497 244; baseline 0.003 -2"><span class='ocrx_word' id='word_1_2' title='bbox 1121 210 1497 244; x_wconf 80' lang='lat' dir='ltr'><strong>PROLEGOMENA.</strong></span> 
     </span>
    </p>
   </div>
   <div class='ocr_carea' id='block_1_3' title="bbox 553 325 1277 704">
    <p class='ocr_par' dir='ltr' id='par_1_3' title="bbox 553 325 1277 704">
     <span class='ocr_line' id='line_1_3' title="bbox 557 325 1272 367; baseline 0.001 -10"><span class='ocrx_word' id='word_1_3' title='bbox 557 325 642 367; x_wconf 86' lang='lat' dir='ltr'><strong>quia</strong></span> <span class='ocrx_word' id='word_1_4' title='bbox 664 325 824 357; x_wconf 83' lang='lat' dir='ltr'>deforme</span> <span class='ocrx_word' id='word_1_5' title='bbox 852 328 960 366; x_wconf 87' lang='lat' dir='ltr'><strong>atque</strong></span> <span class='ocrx_word' id='word_1_6' title='bbox 983 325 1110 358; x_wconf 89' lang='lat' dir='ltr'><strong>servile</strong></span> <span class='ocrx_word' id='word_1_7' title='bbox 1134 329 1187 358; x_wconf 84' lang='lat' dir='ltr'><strong>est</strong></span> <span class='ocrx_word' id='word_1_8' title='bbox 1205 350 1212 358; x_wconf 89' lang='lat'><strong>.</strong></span> <span class='ocrx_word' id='word_1_9' title='bbox 1234 350 1242 358; x_wconf 90' lang='lat'><strong>.</strong></span> <span class='ocrx_word' id='word_1_10' title='bbox 1264 350 1272 358; x_wconf 90' lang='lat'><strong>.</strong></span> 
     </span>
     <span class='ocr_line' id='line_1_4' title="bbox 556 380 1277 422; baseline 0 -9"><span class='ocrx_word' id='word_1_11' title='bbox 556 381 697 421; x_wconf 82' lang='lat' dir='ltr'><strong>deinde,</strong></span> <span class='ocrx_word' id='word_1_12' title='bbox 725 380 832 422; x_wconf 89' lang='lat' dir='ltr'><strong>quod,</strong></span> <span class='ocrx_word' id='word_1_13' title='bbox 858 381 888 413; x_wconf 88' lang='lat' dir='ltr'><strong>si</strong></span> <span class='ocrx_word' id='word_1_14' title='bbox 913 381 972 413; x_wconf 89' lang='lat' dir='ltr'><strong>cui</strong></span> <span class='ocrx_word' id='word_1_15' title='bbox 995 384 1071 413; x_wconf 89' lang='lat' dir='ltr'><strong>tam</strong></span> <span class='ocrx_word' id='word_1_16' title='bbox 1097 384 1152 413; x_wconf 90' lang='lat' dir='ltr'><strong>est</strong></span> <span class='ocrx_word' id='word_1_17' title='bbox 1176 390 1277 414; x_wconf 82' lang='lat' dir='ltr'><strong>mens</strong></span> 
     </span>
     <span class='ocr_line' id='line_1_5' title="bbox 555 436 1277 477; baseline 0.003 -9"><span class='ocrx_word' id='word_1_18' title='bbox 555 436 737 469; x_wconf 86' lang='lat' dir='ltr'><strong>illiberalis</strong></span> <span class='ocrx_word' id='word_1_19' title='bbox 753 439 794 468; x_wconf 90' lang='lat' dir='ltr'><strong>ut</strong></span> <span class='ocrx_word' id='word_1_20' title='bbox 810 436 1057 477; x_wconf 88' lang='lat' dir='ltr'><strong>obiurgatione</strong></span> <span class='ocrx_word' id='word_1_21' title='bbox 1073 446 1147 469; x_wconf 92' lang='lat' dir='ltr'><strong>non</strong></span> <span class='ocrx_word' id='word_1_22' title='bbox 1169 438 1277 470; x_wconf 86' lang='lat' dir='ltr'><strong>corri-</strong></span> 
     </span>
     <span class='ocr_line' id='line_1_6' title="bbox 554 492 1276 536; baseline 0.001 -10"><span class='ocrx_word' id='word_1_23' title='bbox 554 498 669 536; x_wconf 87' lang='lat' dir='ltr'><strong>gatur,</strong></span> <span class='ocrx_word' id='word_1_24' title='bbox 689 494 718 525; x_wconf 88' lang='lat' dir='ltr'><strong>is</strong></span> <span class='ocrx_word' id='word_1_25' title='bbox 742 493 850 524; x_wconf 91' lang='lat' dir='ltr'><strong>etiam</strong></span> <span class='ocrx_word' id='word_1_26' title='bbox 874 492 921 525; x_wconf 92' lang='lat' dir='ltr'><strong>ad</strong></span> <span class='ocrx_word' id='word_1_27' title='bbox 944 493 1067 534; x_wconf 86' lang='lat' dir='ltr'>plagas</span> <span class='ocrx_word' id='word_1_28' title='bbox 1083 518 1092 527; x_wconf 94' lang='lat'><strong>.</strong></span> <span class='ocrx_word' id='word_1_29' title='bbox 1112 518 1120 526; x_wconf 88' lang='lat'><strong>.</strong></span> <span class='ocrx_word' id='word_1_30' title='bbox 1142 518 1149 526; x_wconf 89' lang='lat'><strong>.</strong></span> <span class='ocrx_word' id='word_1_31' title='bbox 1170 495 1276 527; x_wconf 87' lang='lat' dir='ltr'><strong>dura-</strong></span> 
     </span>
     <span class='ocr_line' id='line_1_7' title="bbox 554 550 1275 592; baseline 0.003 -10"><span class='ocrx_word' id='word_1_32' title='bbox 554 551 652 583; x_wconf 81' lang='lat' dir='ltr'><strong>bitur</strong></span> <span class='ocrx_word' id='word_1_33' title='bbox 676 576 683 583; x_wconf 89' lang='lat'><strong>.</strong></span> <span class='ocrx_word' id='word_1_34' title='bbox 706 575 712 583; x_wconf 96' lang='lat'><strong>.</strong></span> <span class='ocrx_word' id='word_1_35' title='bbox 736 576 743 583; x_wconf 93' lang='lat'><strong>.</strong></span> <span class='ocrx_word' id='word_1_36' title='bbox 772 550 863 582; x_wconf 86' lang='lat' dir='ltr'><strong>adde</strong></span> <span class='ocrx_word' id='word_1_37' title='bbox 895 551 991 592; x_wconf 92' lang='lat' dir='ltr'><strong>quod</strong></span> <span class='ocrx_word' id='word_1_38' title='bbox 1022 551 1136 583; x_wconf 91' lang='lat' dir='ltr'><strong>multa</strong></span> <span class='ocrx_word' id='word_1_39' title='bbox 1166 561 1275 592; x_wconf 85' lang='lat' dir='ltr'><strong>vapu-</strong></span> 
     </span>
     <span class='ocr_line' id='line_1_8' title="bbox 553 606 1275 640; baseline 0.003 -2"><span class='ocrx_word' id='word_1_40' title='bbox 553 606 710 639; x_wconf 81' lang='lat' dir='ltr'><strong>lantibus</strong></span> <span class='ocrx_word' id='word_1_41' title='bbox 752 607 851 640; x_wconf 91' lang='lat' dir='ltr'><strong>dictu</strong></span> <span class='ocrx_word' id='word_1_42' title='bbox 894 607 1070 640; x_wconf 81' lang='lat' dir='ltr'><strong>deformia</strong></span> <span class='ocrx_word' id='word_1_43' title='bbox 1112 610 1148 640; x_wconf 88' lang='lat' dir='ltr'><strong>et</strong></span> <span class='ocrx_word' id='word_1_44' title='bbox 1189 617 1275 640; x_wconf 85' lang='lat' dir='ltr'><strong>mox</strong></span> 
     </span>
     <span class='ocr_line' id='line_1_9' title="bbox 553 663 1274 704; baseline 0.001 -10"><span class='ocrx_word' id='word_1_45' title='bbox 553 663 788 695; x_wconf 88' lang='lat' dir='ltr'><strong>verecundiae</strong></span> <span class='ocrx_word' id='word_1_46' title='bbox 812 663 936 696; x_wconf 83' lang='lat' dir='ltr'><strong>futura</strong></span> <span class='ocrx_word' id='word_1_47' title='bbox 957 672 1061 704; x_wconf 84' lang='lat' dir='ltr'>saepe</span> <span class='ocrx_word' id='word_1_48' title='bbox 1081 663 1202 695; x_wconf 90' lang='lat' dir='ltr'><strong>dolore</strong></span> <span class='ocrx_word' id='word_1_49' title='bbox 1218 663 1274 695; x_wconf 92' lang='lat' dir='ltr'><strong>vel</strong></span> 
     </span>
    </p>
   </div>
   <div class='ocr_carea' id='block_1_4' title="bbox 1385 323 2107 708">
    <p class='ocr_par' dir='ltr' id='par_1_4' title="bbox 1385 323 2107 708">
     <span class='ocr_line' id='line_1_10' title="bbox 1388 323 2107 369; baseline 0.008 -11"><span class='ocrx_word' id='word_1_50' title='bbox 1388 323 1464 366; x_wconf 83' lang='grc' dir='ltr'>μηδ’</span> <span class='ocrx_word' id='word_1_51' title='bbox 1481 328 1644 367; x_wconf 74' lang='grc' dir='ltr'>αἰκισμοῖς.</span> <span class='ocrx_word' id='word_1_52' title='bbox 1680 325 1747 360; x_wconf 58' lang='lat' dir='ltr'><strong>&#39;Eo</strong></span> <span class='ocrx_word' id='word_1_53' title='bbox 1762 329 1828 369; x_wconf 76' lang='grc' dir='ltr'>’γάρ</span> <span class='ocrx_word' id='word_1_54' title='bbox 1843 340 1905 361; x_wconf 86' lang='grc' dir='ltr'><strong>που</strong></span> <span class='ocrx_word' id='word_1_55' title='bbox 1920 330 2025 362; x_wconf 79' lang='grc' dir='ltr'>ταῦτα</span> <span class='ocrx_word' id='word_1_56' title='bbox 2040 331 2107 365; x_wconf 75' lang='grc' dir='ltr'>τοῖς</span> 
     </span>
     <span class='ocr_line' id='line_1_11' title="bbox 1389 380 2106 425; baseline 0.007 -12"><span class='ocrx_word' id='word_1_57' title='bbox 1389 383 1507 414; x_wconf 82' lang='grc' dir='ltr'>δούλοις</span> <span class='ocrx_word' id='word_1_58' title='bbox 1529 384 1655 421; x_wconf 82' lang='grc' dir='ltr'>μᾶλλον</span> <span class='ocrx_word' id='word_1_59' title='bbox 1669 380 1690 422; x_wconf 83' lang='grc' dir='ltr'><strong><em>ἦ</em></strong></span> <span class='ocrx_word' id='word_1_60' title='bbox 1706 384 1772 416; x_wconf 79' lang='grc' dir='ltr'>τοῖς</span> <span class='ocrx_word' id='word_1_61' title='bbox 1788 384 1956 424; x_wconf 73' lang='grc' dir='ltr'>ἐλευθέροις</span> <span class='ocrx_word' id='word_1_62' title='bbox 1973 386 2106 425; x_wconf 70' lang='grc' dir='ltr'>πρέπειν</span> 
     </span>
     <span class='ocr_line' id='line_1_12' title="bbox 1388 439 2104 482; baseline 0.006 -11"><span class='ocrx_word' id='word_1_63' title='bbox 1388 462 1396 471; x_wconf 90' lang='grc'><strong>.</strong></span> <span class='ocrx_word' id='word_1_64' title='bbox 1418 462 1425 470; x_wconf 93' lang='grc'><em>.</em></span> <span class='ocrx_word' id='word_1_65' title='bbox 1443 463 1452 471; x_wconf 89' lang='grc'><strong>.</strong></span> <span class='ocrx_word' id='word_1_66' title='bbox 1473 439 1677 478; x_wconf 78' lang='grc' dir='ltr'>ἀποναρκῶσι</span> <span class='ocrx_word' id='word_1_67' title='bbox 1692 440 1758 479; x_wconf 74' lang='grc' dir='ltr'>’γὰρ</span> <span class='ocrx_word' id='word_1_68' title='bbox 1774 440 1826 470; x_wconf 78' lang='grc' dir='ltr'><strong>καί</strong></span> <span class='ocrx_word' id='word_1_69' title='bbox 1843 440 2013 479; x_wconf 81' lang='grc' dir='ltr'>φρίττουσι</span> <span class='ocrx_word' id='word_1_70' title='bbox 2027 441 2104 482; x_wconf 76' lang='grc' dir='ltr'>πρὸς</span> 
     </span>
     <span class='ocr_line' id='line_1_13' title="bbox 1387 496 2104 537; baseline 0.006 -10"><span class='ocrx_word' id='word_1_71' title='bbox 1387 497 1456 528; x_wconf 84' lang='grc' dir='ltr'>τοὺς</span> <span class='ocrx_word' id='word_1_72' title='bbox 1479 496 1601 536; x_wconf 83' lang='grc' dir='ltr'><strong><em>πόνους,</em></strong></span> <span class='ocrx_word' id='word_1_73' title='bbox 1620 497 1663 528; x_wconf 88' lang='grc' dir='ltr'>τὰ</span> <span class='ocrx_word' id='word_1_74' title='bbox 1686 498 1745 535; x_wconf 82' lang='grc' dir='ltr'><strong>μὲν</strong></span> <span class='ocrx_word' id='word_1_75' title='bbox 1770 498 1822 528; x_wconf 87' lang='grc' dir='ltr'><strong>διὰ</strong></span> <span class='ocrx_word' id='word_1_76' title='bbox 1844 498 1902 529; x_wconf 80' lang='grc' dir='ltr'><strong>τὰς</strong></span> <span class='ocrx_word' id='word_1_77' title='bbox 1923 498 2104 537; x_wconf 74' lang='grc' dir='ltr'><strong><em>ἀλγηδόνας</em></strong></span> 
     </span>
     <span class='ocr_line' id='line_1_14' title="bbox 1385 551 2098 598; baseline 0.008 -14"><span class='ocrx_word' id='word_1_78' title='bbox 1385 554 1453 585; x_wconf 75' lang='grc' dir='ltr'>τῶν</span> <span class='ocrx_word' id='word_1_79' title='bbox 1467 555 1616 594; x_wconf 66' lang='grc' dir='ltr'>πληγῶν,</span> <span class='ocrx_word' id='word_1_80' title='bbox 1636 556 1679 586; x_wconf 76' lang='grc' dir='ltr'><strong>τὰ</strong></span> <span class='ocrx_word' id='word_1_81' title='bbox 1701 557 1735 587; x_wconf 70' lang='grc' dir='ltr'><strong>δὲ</strong></span> <span class='ocrx_word' id='word_1_82' title='bbox 1759 557 1811 587; x_wconf 74' lang='grc' dir='ltr'>και</span> <span class='ocrx_word' id='word_1_83' title='bbox 1833 557 1886 588; x_wconf 75' lang='grc' dir='ltr'><strong>διὰ</strong></span> <span class='ocrx_word' id='word_1_84' title='bbox 1906 558 1964 589; x_wconf 74' lang='grc' dir='ltr'><strong>τὰς</strong></span> <span class='ocrx_word' id='word_1_85' title='bbox 1988 551 2098 598; x_wconf 67' lang='grc' dir='ltr'>ὕβρεις.</span> 
     </span>
     <span class='ocr_line' id='line_1_15' title="bbox 1385 608 2103 652; baseline 0.008 -12"><span class='ocrx_word' id='word_1_86' title='bbox 1385 608 1506 641; x_wconf 80' lang='grc' dir='ltr'>ἔπαινοι</span> <span class='ocrx_word' id='word_1_87' title='bbox 1528 611 1562 642; x_wconf 89' lang='grc' dir='ltr'>δέ</span> <span class='ocrx_word' id='word_1_88' title='bbox 1585 623 1637 642; x_wconf 89' lang='grc' dir='ltr'><strong>και</strong></span> <span class='ocrx_word' id='word_1_89' title='bbox 1657 612 1753 652; x_wconf 75' lang='grc' dir='ltr'>ψόγοι</span> <span class='ocrx_word' id='word_1_90' title='bbox 1776 613 1882 651; x_wconf 85' lang='grc' dir='ltr'>πάσης</span> <span class='ocrx_word' id='word_1_91' title='bbox 1903 614 1983 645; x_wconf 75' lang='grc' dir='ltr'>εἰσὶν</span> <span class='ocrx_word' id='word_1_92' title='bbox 2000 614 2103 647; x_wconf 74' lang='grc' dir='ltr'>αἰκίας</span> 
     </span>
     <span class='ocr_line' id='line_1_16' title="bbox 1387 660 1966 708; baseline 0.009 -13"><span class='ocrx_word' id='word_1_93' title='bbox 1387 660 1622 706; x_wconf 76' lang='grc' dir='ltr'>ὠφελιμώτεροι</span> <span class='ocrx_word' id='word_1_94' title='bbox 1637 668 1703 699; x_wconf 84' lang='grc' dir='ltr'>τοῖς</span> <span class='ocrx_word' id='word_1_95' title='bbox 1718 668 1886 708; x_wconf 80' lang='grc' dir='ltr'>ἐλευθέροις</span> <span class='ocrx_word' id='word_1_96' title='bbox 1901 671 1966 700; x_wconf 79' lang='lat' dir='ltr'><strong>etc.</strong></span> 
     </span>
    </p>
   </div>
   <div class='ocr_carea' id='block_1_5' title="bbox 553 718 1274 805">
    <p class='ocr_par' dir='ltr' id='par_1_5' title="bbox 553 718 1274 805">
     <span class='ocr_line' id='line_1_17' title="bbox 553 718 1274 760; baseline 0 -10"><span class='ocrx_word' id='word_1_97' title='bbox 553 721 653 750; x_wconf 92' lang='lat' dir='ltr'><strong>metu</strong></span> <span class='ocrx_word' id='word_1_98' title='bbox 677 718 896 758; x_wconf 88' lang='lat' dir='ltr'><strong>acciderunt,</strong></span> <span class='ocrx_word' id='word_1_99' title='bbox 918 719 978 759; x_wconf 90' lang='lat' dir='ltr'><strong>qui</strong></span> <span class='ocrx_word' id='word_1_100' title='bbox 1001 719 1118 759; x_wconf 90' lang='lat' dir='ltr'><strong>pudor</strong></span> <span class='ocrx_word' id='word_1_101' title='bbox 1140 719 1274 760; x_wconf 76' lang='lat' dir='ltr'><strong>frangit</strong></span> 
     </span>
     <span class='ocr_line' id='line_1_18' title="bbox 553 773 766 805; baseline 0 0"><span class='ocrx_word' id='word_1_102' title='bbox 553 773 714 805; x_wconf 87' lang='lat' dir='ltr'><strong>animum</strong></span> <span class='ocrx_word' id='word_1_103' title='bbox 724 773 766 794; x_wconf 80' lang='lat'><strong>¹⁹⁹</strong></span> 
     </span>
    </p>
   </div>
   <div class='ocr_carea' id='block_1_6' title="bbox 507 850 2099 1179">
    <p class='ocr_par' dir='ltr' id='par_1_6' title="bbox 507 850 2099 1101">
     <span class='ocr_line' id='line_1_19' title="bbox 564 850 2098 907; baseline 0.005 -20"><span class='ocrx_word' id='word_1_104' title='bbox 564 850 649 888; x_wconf 89' lang='lat' dir='ltr'><strong>But</strong></span> <span class='ocrx_word' id='word_1_105' title='bbox 669 850 706 888; x_wconf 84' lang='lat' dir='ltr'><strong>if</strong></span> <span class='ocrx_word' id='word_1_106' title='bbox 726 850 962 896; x_wconf 75' lang='lat' dir='ltr'><strong>Quintilian</strong></span> <span class='ocrx_word' id='word_1_107' title='bbox 982 851 1066 889; x_wconf 89' lang='lat' dir='ltr'><strong>and</strong></span> <span class='ocrx_word' id='word_1_108' title='bbox 1086 851 1154 889; x_wconf 89' lang='lat' dir='ltr'><strong>Ps.</strong></span> <span class='ocrx_word' id='word_1_109' title='bbox 1177 851 1381 890; x_wconf 77' lang='lat' dir='ltr'>Plutarch</span> <span class='ocrx_word' id='word_1_110' title='bbox 1402 851 1514 891; x_wconf 83' lang='lat' dir='ltr'><strong>drew</strong></span> <span class='ocrx_word' id='word_1_111' title='bbox 1535 853 1644 892; x_wconf 85' lang='lat' dir='ltr'><strong>from</strong></span> <span class='ocrx_word' id='word_1_112' title='bbox 1663 854 1736 893; x_wconf 87' lang='lat' dir='ltr'><strong>the</strong></span> <span class='ocrx_word' id='word_1_113' title='bbox 1757 867 1870 894; x_wconf 88' lang='lat' dir='ltr'><strong>same</strong></span> <span class='ocrx_word' id='word_1_114' title='bbox 1891 855 2098 907; x_wconf 83' lang='lat' dir='ltr'><strong>fountain‚</strong></span> 
     </span>
     <span class='ocr_line' id='line_1_20' title="bbox 508 915 2099 970; baseline 0.004 -16"><span class='ocrx_word' id='word_1_115' title='bbox 508 915 544 955; x_wconf 91' lang='lat' dir='ltr'><strong>it</strong></span> <span class='ocrx_word' id='word_1_116' title='bbox 574 916 739 955; x_wconf 82' lang='lat' dir='ltr'>follows</span> <span class='ocrx_word' id='word_1_117' title='bbox 771 917 865 955; x_wconf 89' lang='lat' dir='ltr'><strong>that</strong></span> <span class='ocrx_word' id='word_1_118' title='bbox 899 917 1019 955; x_wconf 90' lang='lat' dir='ltr'><strong>other</strong></span> <span class='ocrx_word' id='word_1_119' title='bbox 1054 917 1240 967; x_wconf 76' lang='lat' dir='ltr'><strong>striking</strong></span> <span class='ocrx_word' id='word_1_120' title='bbox 1269 918 1550 968; x_wconf 90' lang='lat' dir='ltr'><strong>parallelisms</strong></span> <span class='ocrx_word' id='word_1_121' title='bbox 1583 919 1772 959; x_wconf 77' lang='lat' dir='ltr'>between</span> <span class='ocrx_word' id='word_1_122' title='bbox 1802 921 1930 970; x_wconf 87' lang='lat' dir='ltr'><strong>them,</strong></span> <span class='ocrx_word' id='word_1_123' title='bbox 1960 922 2099 961; x_wconf 85' lang='lat' dir='ltr'>where</span> 
     </span>
     <span class='ocr_line' id='line_1_21' title="bbox 507 982 2098 1038; baseline 0.004 -18"><span class='ocrx_word' id='word_1_124' title='bbox 507 982 756 1032; x_wconf 73' lang='lat' dir='ltr'><strong>Quintilian,</strong></span> <span class='ocrx_word' id='word_1_125' title='bbox 779 983 983 1031; x_wconf 86' lang='lat' dir='ltr'><strong>however,</strong></span> <span class='ocrx_word' id='word_1_126' title='bbox 1006 982 1105 1021; x_wconf 85' lang='lat' dir='ltr'><strong>fails</strong></span> <span class='ocrx_word' id='word_1_127' title='bbox 1133 986 1177 1021; x_wconf 92' lang='lat' dir='ltr'><strong>to</strong></span> <span class='ocrx_word' id='word_1_128' title='bbox 1208 983 1500 1034; x_wconf 88' lang='lat' dir='ltr'><strong>acknowledge</strong></span> <span class='ocrx_word' id='word_1_129' title='bbox 1530 985 1596 1024; x_wconf 88' lang='lat' dir='ltr'><strong>his</strong></span> <span class='ocrx_word' id='word_1_130' title='bbox 1627 985 1760 1025; x_wconf 80' lang='lat' dir='ltr'><strong>direct</strong></span> <span class='ocrx_word' id='word_1_131' title='bbox 1790 987 2098 1038; x_wconf 85' lang='lat' dir='ltr'><strong>indebtedness,</strong></span> 
     </span>
     <span class='ocr_line' id='line_1_22' title="bbox 507 1049 1630 1101; baseline 0.004 -15"><span class='ocrx_word' id='word_1_132' title='bbox 507 1061 585 1087; x_wconf 88' lang='lat' dir='ltr'><strong>can</strong></span> <span class='ocrx_word' id='word_1_133' title='bbox 605 1049 706 1100; x_wconf 91' lang='lat' dir='ltr'><strong>only</strong></span> <span class='ocrx_word' id='word_1_134' title='bbox 724 1049 775 1088; x_wconf 92' lang='lat' dir='ltr'><strong>be</strong></span> <span class='ocrx_word' id='word_1_135' title='bbox 797 1049 1022 1100; x_wconf 84' lang='lat' dir='ltr'><strong>explained</strong></span> <span class='ocrx_word' id='word_1_136' title='bbox 1042 1062 1096 1087; x_wconf 91' lang='lat' dir='ltr'><strong>on</strong></span> <span class='ocrx_word' id='word_1_137' title='bbox 1115 1049 1188 1088; x_wconf 90' lang='lat' dir='ltr'><strong>the</strong></span> <span class='ocrx_word' id='word_1_138' title='bbox 1211 1062 1323 1089; x_wconf 91' lang='lat' dir='ltr'><strong>same</strong></span> <span class='ocrx_word' id='word_1_139' title='bbox 1344 1051 1630 1101; x_wconf 86' lang='lat' dir='ltr'><strong>assumption:</strong></span> 
     </span>
    </p>

    <p class='ocr_par' dir='ltr' id='par_1_7' title="bbox 507 1137 1270 1179">
     <span class='ocr_line' id='line_1_23' title="bbox 507 1137 1270 1179; baseline 0.001 -10"><span class='ocrx_word' id='word_1_140' title='bbox 507 1137 628 1177; x_wconf 86' lang='lat' dir='ltr'><strong>Quint.</strong></span> <span class='ocrx_word' id='word_1_141' title='bbox 650 1138 667 1169; x_wconf 94' lang='lat' dir='ltr'>I</span> <span class='ocrx_word' id='word_1_142' title='bbox 692 1138 722 1177; x_wconf 89' lang='lat'><strong>1,</strong></span> <span class='ocrx_word' id='word_1_143' title='bbox 742 1139 761 1169; x_wconf 83' lang='lat'>2</span> <span class='ocrx_word' id='word_1_144' title='bbox 779 1137 804 1170; x_wconf 75' lang='lat' dir='ltr'><strong>f.</strong></span> <span class='ocrx_word' id='word_1_145' title='bbox 833 1140 992 1178; x_wconf 86' lang='lat' dir='ltr'><strong>praestat</strong></span> <span class='ocrx_word' id='word_1_146' title='bbox 1016 1162 1024 1170; x_wconf 89' lang='lat'><strong>.</strong></span> <span class='ocrx_word' id='word_1_147' title='bbox 1053 1162 1061 1170; x_wconf 89' lang='lat'><strong>.</strong></span> <span class='ocrx_word' id='word_1_148' title='bbox 1090 1162 1098 1170; x_wconf 90' lang='lat'><strong>.</strong></span> <span class='ocrx_word' id='word_1_149' title='bbox 1126 1138 1270 1179; x_wconf 87' lang='lat' dir='ltr'><strong>ingenio</strong></span> 
     </span>
    </p>
   </div>
   <div class='ocr_carea' id='block_1_7' title="bbox 549 1193 1270 1281">
    <p class='ocr_par' dir='ltr' id='par_1_8' title="bbox 549 1193 1270 1281">
     <span class='ocr_line' id='line_1_24' title="bbox 551 1193 1270 1234; baseline 0.001 -10"><span class='ocrx_word' id='word_1_150' title='bbox 551 1193 641 1225; x_wconf 87' lang='lat' dir='ltr'><strong>alius</strong></span> <span class='ocrx_word' id='word_1_151' title='bbox 659 1193 769 1225; x_wconf 89' lang='lat' dir='ltr'><strong>alium</strong></span> <span class='ocrx_word' id='word_1_152' title='bbox 786 1218 794 1226; x_wconf 91' lang='lat'><strong>.</strong></span> <span class='ocrx_word' id='word_1_153' title='bbox 815 1217 823 1225; x_wconf 91' lang='lat'><strong>.</strong></span> <span class='ocrx_word' id='word_1_154' title='bbox 845 1217 853 1226; x_wconf 93' lang='lat'><strong>.</strong></span> <span class='ocrx_word' id='word_1_155' title='bbox 873 1202 979 1225; x_wconf 87' lang='lat' dir='ltr'><strong>nemo</strong></span> <span class='ocrx_word' id='word_1_156' title='bbox 1002 1193 1189 1234; x_wconf 87' lang='lat' dir='ltr'><strong>reperitur,</strong></span> <span class='ocrx_word' id='word_1_157' title='bbox 1209 1194 1270 1234; x_wconf 88' lang='lat' dir='ltr'><strong>qui</strong></span> 
     </span>
     <span class='ocr_line' id='line_1_25' title="bbox 549 1248 1072 1281; baseline 0 -1"><span class='ocrx_word' id='word_1_158' title='bbox 549 1248 596 1280; x_wconf 90' lang='lat' dir='ltr'><strong>sit</strong></span> <span class='ocrx_word' id='word_1_159' title='bbox 611 1248 729 1280; x_wconf 87' lang='lat' dir='ltr'><strong>studio</strong></span> <span class='ocrx_word' id='word_1_160' title='bbox 745 1248 835 1280; x_wconf 90' lang='lat' dir='ltr'><strong>nihil</strong></span> <span class='ocrx_word' id='word_1_161' title='bbox 851 1251 1072 1281; x_wconf 87' lang='lat' dir='ltr'><strong>consecutus.</strong></span> 
     </span>
    </p>
   </div>
   <div class='ocr_carea' id='block_1_8' title="bbox 1338 1139 2100 1348">
    <p class='ocr_par' dir='ltr' id='par_1_9' title="bbox 1338 1139 2100 1348">
     <span class='ocr_line' id='line_1_26' title="bbox 1338 1139 2100 1182; baseline 0.007 -12"><span class='ocrx_word' id='word_1_162' title='bbox 1338 1148 1366 1171; x_wconf 86' lang='lat' dir='ltr'><strong>c.</strong></span> <span class='ocrx_word' id='word_1_163' title='bbox 1387 1139 1408 1170; x_wconf 87' lang='grc'>4</span> <span class='ocrx_word' id='word_1_164' title='bbox 1432 1142 1459 1170; x_wconf 88' lang='grc' dir='ltr'><strong>εί</strong></span> <span class='ocrx_word' id='word_1_165' title='bbox 1477 1141 1510 1171; x_wconf 88' lang='grc' dir='ltr'>δέ</span> <span class='ocrx_word' id='word_1_166' title='bbox 1525 1152 1572 1172; x_wconf 90' lang='grc' dir='ltr'><strong>τις</strong></span> <span class='ocrx_word' id='word_1_167' title='bbox 1588 1142 1697 1180; x_wconf 77' lang='grc' dir='ltr'>οἴεται,</span> <span class='ocrx_word' id='word_1_168' title='bbox 1716 1142 1787 1174; x_wconf 82' lang='grc' dir='ltr'>τοὺς</span> <span class='ocrx_word' id='word_1_169' title='bbox 1802 1143 1856 1173; x_wconf 79' lang='grc' dir='ltr'>οὐκ</span> <span class='ocrx_word' id='word_1_170' title='bbox 1871 1144 1904 1173; x_wconf 67' lang='lat' dir='ltr'><strong>ev</strong></span> <span class='ocrx_word' id='word_1_171' title='bbox 1918 1142 2100 1182; x_wconf 77' lang='grc' dir='ltr'>πεφυκότας</span> 
     </span>
     <span class='ocr_line' id='line_1_27' title="bbox 1381 1196 2099 1239; baseline 0.007 -13"><span class='ocrx_word' id='word_1_172' title='bbox 1381 1196 1544 1234; x_wconf 83' lang='grc' dir='ltr'>μαθήσεως</span> <span class='ocrx_word' id='word_1_173' title='bbox 1572 1197 1624 1227; x_wconf 81' lang='grc' dir='ltr'><strong>καὶ</strong></span> <span class='ocrx_word' id='word_1_174' title='bbox 1651 1197 1786 1235; x_wconf 83' lang='grc' dir='ltr'>μελέτης</span> <span class='ocrx_word' id='word_1_175' title='bbox 1817 1196 1978 1237; x_wconf 79' lang='grc' dir='ltr'>τυχόντας</span> <span class='ocrx_word' id='word_1_176' title='bbox 2006 1198 2099 1239; x_wconf 83' lang='grc' dir='ltr'>ὀρθῆς</span> 
     </span>
     <span class='ocr_line' id='line_1_28' title="bbox 1381 1251 2099 1292; baseline 0.006 -10"><span class='ocrx_word' id='word_1_177' title='bbox 1381 1251 1456 1291; x_wconf 83' lang='grc' dir='ltr'>πρὸς</span> <span class='ocrx_word' id='word_1_178' title='bbox 1473 1251 1591 1291; x_wconf 80' lang='grc' dir='ltr'>ἀρετὴν</span> <span class='ocrx_word' id='word_1_179' title='bbox 1606 1252 1659 1282; x_wconf 82' lang='grc' dir='ltr'>οὐκ</span> <span class='ocrx_word' id='word_1_180' title='bbox 1676 1252 1715 1282; x_wconf 85' lang='grc' dir='ltr'><strong>ἂν</strong></span> <span class='ocrx_word' id='word_1_181' title='bbox 1726 1253 1788 1290; x_wconf 85' lang='grc' dir='ltr'><strong>τὴν</strong></span> <span class='ocrx_word' id='word_1_182' title='bbox 1799 1253 1858 1291; x_wconf 84' lang='grc' dir='ltr'><strong>τῆς</strong></span> <span class='ocrx_word' id='word_1_183' title='bbox 1870 1253 1990 1292; x_wconf 81' lang='grc' dir='ltr'>φύσεως</span> <span class='ocrx_word' id='word_1_184' title='bbox 2002 1253 2099 1285; x_wconf 87' lang='grc' dir='ltr'>ἐλάτ-</span> 
     </span>
     <span class='ocr_line' id='line_1_29' title="bbox 1381 1306 2099 1348; baseline 0.006 -11"><span class='ocrx_word' id='word_1_185' title='bbox 1381 1317 1481 1337; x_wconf 89' lang='grc' dir='ltr'>τωσιν</span> <span class='ocrx_word' id='word_1_186' title='bbox 1495 1308 1536 1338; x_wconf 84' lang='grc' dir='ltr'><strong>εἰς</strong></span> <span class='ocrx_word' id='word_1_187' title='bbox 1549 1306 1795 1346; x_wconf 85' lang='grc' dir='ltr'>τούνδεχόμενον</span> <span class='ocrx_word' id='word_1_188' title='bbox 1805 1309 2004 1348; x_wconf 79' lang='grc' dir='ltr'>ἀναδραμεῖν,</span> <span class='ocrx_word' id='word_1_189' title='bbox 2017 1309 2099 1340; x_wconf 74' lang='grc' dir='ltr'>ἴστω</span> 
     </span>
    </p>
   </div>
   <div class='ocr_carea' id='block_1_9' title="bbox 1381 1363 1839 1402">
    <p class='ocr_par' dir='ltr' id='par_1_10' title="bbox 1381 1363 1839 1402">
     <span class='ocr_line' id='line_1_30' title="bbox 1381 1363 1839 1402; baseline 0.004 -10"><span class='ocrx_word' id='word_1_190' title='bbox 1381 1363 1504 1393; x_wconf 84' lang='grc' dir='ltr'>πολλοῦ</span> <span class='ocrx_word' id='word_1_191' title='bbox 1520 1385 1527 1392; x_wconf 93' lang='grc'><strong>.</strong></span> <span class='ocrx_word' id='word_1_192' title='bbox 1550 1386 1557 1393; x_wconf 96' lang='grc'><em>.</em></span> <span class='ocrx_word' id='word_1_193' title='bbox 1579 1386 1587 1393; x_wconf 90' lang='grc'><strong>.</strong></span> <span class='ocrx_word' id='word_1_194' title='bbox 1609 1363 1839 1402; x_wconf 85' lang='grc' dir='ltr'>διαμαρτάνων.</span> 
     </span>
    </p>
   </div>
   <div class='ocr_carea' id='block_1_10' title="bbox 1380 1438 2139 1589">
    <p class='ocr_par' dir='ltr' id='par_1_11' title="bbox 1380 1438 2139 1589">
     <span class='ocr_line' id='line_1_31' title="bbox 1387 1438 2139 1482; baseline 0.004 -12"><span class='ocrx_word' id='word_1_195' title='bbox 1387 1438 1405 1470; x_wconf 90' lang='grc'><strong>7</strong></span> <span class='ocrx_word' id='word_1_196' title='bbox 1423 1440 1460 1470; x_wconf 85' lang='grc' dir='ltr'>τὸ</span> <span class='ocrx_word' id='word_1_197' title='bbox 1483 1440 1516 1470; x_wconf 85' lang='grc' dir='ltr'>δέ</span> <span class='ocrx_word' id='word_1_198' title='bbox 1533 1440 1665 1471; x_wconf 87' lang='grc' dir='ltr'>πάντων</span> <span class='ocrx_word' id='word_1_199' title='bbox 1680 1441 1834 1479; x_wconf 71' lang='grc' dir='ltr'>μέγιστον</span> <span class='ocrx_word' id='word_1_200' title='bbox 1850 1464 1858 1472; x_wconf 93' lang='grc'><strong>.</strong></span> <span class='ocrx_word' id='word_1_201' title='bbox 1880 1465 1887 1473; x_wconf 94' lang='grc'><strong>.</strong></span> <span class='ocrx_word' id='word_1_202' title='bbox 1909 1465 1917 1474; x_wconf 95' lang='grc'><strong><em>.</em></strong></span> <span class='ocrx_word' id='word_1_203' title='bbox 1936 1442 2003 1472; x_wconf 80' lang='grc' dir='ltr'><strong>τῶν</strong></span> <span class='ocrx_word' id='word_1_204' title='bbox 2017 1443 2103 1482; x_wconf 82' lang='grc' dir='ltr'>είρη-</span> <span class='ocrx_word' id='word_1_205' title='bbox 2135 1439 2139 1446; x_wconf 85' lang='grc'><em>’</em></span> 
     </span>
     <span class='ocr_line' id='line_1_32' title="bbox 1380 1494 2099 1535; baseline 0.006 -10"><span class='ocrx_word' id='word_1_206' title='bbox 1380 1495 1482 1532; x_wconf 86' lang='grc' dir='ltr'>μένων</span> <span class='ocrx_word' id='word_1_207' title='bbox 1511 1494 1646 1534; x_wconf 79' lang='grc' dir='ltr'>ἔρχομαι</span> <span class='ocrx_word' id='word_1_208' title='bbox 1678 1497 1821 1535; x_wconf 87' lang='grc' dir='ltr'>φράσων.</span> <span class='ocrx_word' id='word_1_209' title='bbox 1891 1498 2099 1529; x_wconf 82' lang='grc' dir='ltr'>διδασκάλους</span> 
     </span>
     <span class='ocr_line' id='line_1_33' title="bbox 1380 1550 2099 1589; baseline 0.004 -9"><span class='ocrx_word' id='word_1_210' title='bbox 1380 1550 1444 1589; x_wconf 79' lang='grc' dir='ltr'>’γὰρ</span> <span class='ocrx_word' id='word_1_211' title='bbox 1476 1551 1632 1588; x_wconf 72' lang='grc' dir='ltr'>ζητητέον</span> <span class='ocrx_word' id='word_1_212' title='bbox 1658 1552 1723 1582; x_wconf 85' lang='grc' dir='ltr'>τοῖς</span> <span class='ocrx_word' id='word_1_213' title='bbox 1750 1552 1869 1583; x_wconf 83' lang='grc' dir='ltr'>τέκνοις</span> <span class='ocrx_word' id='word_1_214' title='bbox 1894 1551 1924 1582; x_wconf 76' lang='grc' dir='ltr'>οἳ</span> <span class='ocrx_word' id='word_1_215' title='bbox 1951 1553 2003 1583; x_wconf 76' lang='grc' dir='ltr'>καὶ</span> <span class='ocrx_word' id='word_1_216' title='bbox 2033 1553 2099 1584; x_wconf 82' lang='grc' dir='ltr'>τοῖς</span> 
     </span>
    </p>
   </div>
   <div class='ocr_carea' id='block_1_11' title="bbox 1379 1605 2099 1699">
    <p class='ocr_par' dir='ltr' id='par_1_12' title="bbox 1379 1605 2099 1699">
     <span class='ocr_line' id='line_1_34' title="bbox 1379 1605 2099 1646; baseline 0.006 -11"><span class='ocrx_word' id='word_1_217' title='bbox 1379 1605 1458 1644; x_wconf 79' lang='grc' dir='ltr'>βίοις</span> <span class='ocrx_word' id='word_1_218' title='bbox 1481 1606 1561 1636; x_wconf 82' lang='grc' dir='ltr'>είσὶν</span> <span class='ocrx_word' id='word_1_219' title='bbox 1583 1606 1773 1645; x_wconf 84' lang='grc' dir='ltr'>ἀδιάβλητοι</span> <span class='ocrx_word' id='word_1_220' title='bbox 1789 1629 1797 1638; x_wconf 96' lang='grc'><strong>.</strong></span> <span class='ocrx_word' id='word_1_221' title='bbox 1819 1629 1827 1639; x_wconf 88' lang='grc'><strong>.</strong></span> <span class='ocrx_word' id='word_1_222' title='bbox 1849 1630 1857 1639; x_wconf 96' lang='grc'><strong><em>.</em></strong></span> <span class='ocrx_word' id='word_1_223' title='bbox 1877 1607 1929 1638; x_wconf 80' lang='grc' dir='ltr'><strong>καὶ</strong></span> <span class='ocrx_word' id='word_1_224' title='bbox 1952 1607 2023 1639; x_wconf 81' lang='grc' dir='ltr'>ταῖς</span> <span class='ocrx_word' id='word_1_225' title='bbox 2045 1608 2099 1646; x_wconf 71' lang='grc' dir='ltr'>ἐμι-</span> 
     </span>
     <span class='ocr_line' id='line_1_35' title="bbox 1380 1660 1668 1699; baseline 0.003 -9"><span class='ocrx_word' id='word_1_226' title='bbox 1380 1660 1511 1699; x_wconf 84' lang='grc' dir='ltr'>πειρίαις</span> <span class='ocrx_word' id='word_1_227' title='bbox 1535 1661 1668 1699; x_wconf 74' lang='grc' dir='ltr'>ἄριστοι.</span> 
     </span>
    </p>
   </div>
   <div class='ocr_carea' id='block_1_12' title="bbox 505 1436 1365 1746">
    <p class='ocr_par' dir='ltr' id='par_1_13' title="bbox 505 1436 1365 1746">
     <span class='ocr_line' id='line_1_36' title="bbox 505 1436 1365 1477; baseline 0.002 -9"><span class='ocrx_word' id='word_1_228' title='bbox 505 1437 524 1469; x_wconf 92' lang='lat'>1</span> <span class='ocrx_word' id='word_1_229' title='bbox 548 1438 578 1476; x_wconf 90' lang='lat'><strong>1,</strong></span> <span class='ocrx_word' id='word_1_230' title='bbox 599 1437 618 1468; x_wconf 92' lang='grc'>8</span> <span class='ocrx_word' id='word_1_231' title='bbox 643 1437 686 1468; x_wconf 92' lang='lat' dir='ltr'><strong>de</strong></span> <span class='ocrx_word' id='word_1_232' title='bbox 710 1437 830 1477; x_wconf 89' lang='lat' dir='ltr'><strong>pueris</strong></span> <span class='ocrx_word' id='word_1_233' title='bbox 853 1445 936 1468; x_wconf 90' lang='lat' dir='ltr'><strong>vero</strong></span> <span class='ocrx_word' id='word_1_234' title='bbox 961 1461 968 1469; x_wconf 92' lang='lat'><strong>.</strong></span> <span class='ocrx_word' id='word_1_235' title='bbox 990 1460 998 1469; x_wconf 94' lang='lat'><strong>.</strong></span> <span class='ocrx_word' id='word_1_236' title='bbox 1020 1461 1028 1469; x_wconf 88' lang='lat'><strong>.</strong></span> <span class='ocrx_word' id='word_1_237' title='bbox 1054 1436 1150 1468; x_wconf 91' lang='lat' dir='ltr'><strong>idem</strong></span> <span class='ocrx_word' id='word_1_238' title='bbox 1174 1437 1269 1477; x_wconf 93' lang='lat' dir='ltr'><strong>quod</strong></span> <span class='ocrx_word' id='word_1_239' title='bbox 1337 1447 1365 1470; x_wconf 90' lang='lat' dir='ltr'><strong>c.</strong></span> 
     </span>
     <span class='ocr_line' id='line_1_37' title="bbox 549 1491 1270 1532; baseline 0 -9"><span class='ocrx_word' id='word_1_240' title='bbox 549 1492 593 1524; x_wconf 92' lang='lat' dir='ltr'><strong>de</strong></span> <span class='ocrx_word' id='word_1_241' title='bbox 609 1492 809 1523; x_wconf 86' lang='lat' dir='ltr'><strong>nutricibus</strong></span> <span class='ocrx_word' id='word_1_242' title='bbox 825 1491 961 1523; x_wconf 89' lang='lat' dir='ltr'><strong>dictum</strong></span> <span class='ocrx_word' id='word_1_243' title='bbox 977 1492 1043 1524; x_wconf 89' lang='lat' dir='ltr'><strong>sit:</strong></span> <span class='ocrx_word' id='word_1_244' title='bbox 1071 1492 1115 1523; x_wconf 91' lang='lat' dir='ltr'><strong>de</strong></span> <span class='ocrx_word' id='word_1_245' title='bbox 1139 1492 1270 1532; x_wconf 87' lang='lat' dir='ltr'><strong>paeda-</strong></span> 
     </span>
     <span class='ocr_line' id='line_1_38' title="bbox 549 1548 1270 1589; baseline -0.001 -9"><span class='ocrx_word' id='word_1_246' title='bbox 549 1548 647 1589; x_wconf 86' lang='lat' dir='ltr'><strong>gogis</strong></span> <span class='ocrx_word' id='word_1_247' title='bbox 662 1548 728 1580; x_wconf 91' lang='lat' dir='ltr'><strong>hoc</strong></span> <span class='ocrx_word' id='word_1_248' title='bbox 746 1548 899 1588; x_wconf 87' lang='lat' dir='ltr'><strong>amplius</strong></span> <span class='ocrx_word' id='word_1_249' title='bbox 914 1551 955 1579; x_wconf 93' lang='lat' dir='ltr'><strong>ut</strong></span> <span class='ocrx_word' id='word_1_250' title='bbox 971 1551 1034 1579; x_wconf 91' lang='lat' dir='ltr'><strong>aut</strong></span> <span class='ocrx_word' id='word_1_251' title='bbox 1049 1548 1121 1579; x_wconf 86' lang='lat' dir='ltr'><strong>sint</strong></span> <span class='ocrx_word' id='word_1_252' title='bbox 1138 1548 1270 1579; x_wconf 88' lang='lat' dir='ltr'><strong>eruditi</strong></span> 
     </span>
     <span class='ocr_line' id='line_1_39' title="bbox 549 1603 1269 1644; baseline -0.001 -9"><span class='ocrx_word' id='word_1_253' title='bbox 549 1603 665 1644; x_wconf 89' lang='lat' dir='ltr'><strong>plane,</strong></span> <span class='ocrx_word' id='word_1_254' title='bbox 701 1613 808 1644; x_wconf 91' lang='lat' dir='ltr'><strong>quam</strong></span> <span class='ocrx_word' id='word_1_255' title='bbox 847 1604 1000 1644; x_wconf 88' lang='lat' dir='ltr'><strong>primam</strong></span> <span class='ocrx_word' id='word_1_256' title='bbox 1039 1612 1114 1635; x_wconf 89' lang='lat' dir='ltr'><strong>esse</strong></span> <span class='ocrx_word' id='word_1_257' title='bbox 1146 1612 1269 1635; x_wconf 91' lang='lat' dir='ltr'><strong>curam</strong></span> 
     </span>
     <span class='ocr_line' id='line_1_40' title="bbox 549 1659 1269 1699; baseline 0 -9"><span class='ocrx_word' id='word_1_258' title='bbox 549 1659 666 1699; x_wconf 88' lang='lat' dir='ltr'><strong>velim,</strong></span> <span class='ocrx_word' id='word_1_259' title='bbox 707 1662 770 1691; x_wconf 90' lang='lat' dir='ltr'><strong>aut</strong></span> <span class='ocrx_word' id='word_1_260' title='bbox 807 1667 844 1690; x_wconf 92' lang='lat' dir='ltr'><strong>se</strong></span> <span class='ocrx_word' id='word_1_261' title='bbox 883 1668 956 1690; x_wconf 92' lang='lat' dir='ltr'><strong>non</strong></span> <span class='ocrx_word' id='word_1_262' title='bbox 995 1667 1070 1690; x_wconf 89' lang='lat' dir='ltr'><strong>esse</strong></span> <span class='ocrx_word' id='word_1_263' title='bbox 1109 1659 1269 1690; x_wconf 89' lang='lat' dir='ltr'><strong>eruditos</strong></span> 
     </span>
     <span class='ocr_line' id='line_1_41' title="bbox 549 1715 664 1746; baseline 0 0"><span class='ocrx_word' id='word_1_264' title='bbox 549 1715 664 1746; x_wconf 88' lang='lat' dir='ltr'><strong>sciant</strong></span> 
     </span>
    </p>
   </div>
   <div class='ocr_carea' id='block_1_13' title="bbox 505 1791 2098 1832">
    <p class='ocr_par' dir='ltr' id='par_1_14' title="bbox 505 1791 2098 1832">
     <span class='ocr_line' id='line_1_42' title="bbox 505 1791 2098 1832; baseline 0.001 -7"><span class='ocrx_word' id='word_1_265' title='bbox 505 1792 524 1825; x_wconf 95' lang='lat' dir='ltr'>I</span> <span class='ocrx_word' id='word_1_266' title='bbox 549 1793 579 1832; x_wconf 89' lang='lat'><strong>1,</strong></span> <span class='ocrx_word' id='word_1_267' title='bbox 598 1792 619 1824; x_wconf 87' lang='grc'>6</span> <span class='ocrx_word' id='word_1_268' title='bbox 643 1792 680 1824; x_wconf 84' lang='grc'><strong>111</strong></span> <span class='ocrx_word' id='word_1_269' title='bbox 703 1792 911 1832; x_wconf 87' lang='lat' dir='ltr'><strong>parentibus</strong></span> <span class='ocrx_word' id='word_1_270' title='bbox 931 1801 1016 1823; x_wconf 93' lang='lat' dir='ltr'><strong>vero</strong></span> <span class='ocrx_word' id='word_1_271' title='bbox 1036 1801 1144 1832; x_wconf 90' lang='lat' dir='ltr'><strong>quam</strong></span> <span class='ocrx_word' id='word_1_272' title='bbox 1160 1791 1269 1832; x_wconf 90' lang='lat' dir='ltr'><strong>pluri·</strong></span> <span class='ocrx_word' id='word_1_273' title='bbox 1334 1791 1419 1823; x_wconf 88' lang='lat' dir='ltr'><strong>ibid.</strong></span> <span class='ocrx_word' id='word_1_274' title='bbox 1439 1793 1490 1823; x_wconf 80' lang='grc' dir='ltr'><strong>νῦν</strong></span> <span class='ocrx_word' id='word_1_275' title='bbox 1507 1793 1540 1823; x_wconf 86' lang='grc' dir='ltr'>δέ</span> <span class='ocrx_word' id='word_1_276' title='bbox 1555 1804 1603 1824; x_wconf 81' lang='grc' dir='ltr'><strong>τις</strong></span> <span class='ocrx_word' id='word_1_277' title='bbox 1619 1794 1670 1824; x_wconf 81' lang='grc' dir='ltr'>καὶ</span> <span class='ocrx_word' id='word_1_278' title='bbox 1687 1794 1902 1824; x_wconf 85' lang='grc' dir='ltr'>καταπτύσειε</span> <span class='ocrx_word' id='word_1_279' title='bbox 1916 1795 1983 1825; x_wconf 81' lang='grc' dir='ltr'><strong>τῶν</strong></span> <span class='ocrx_word' id='word_1_280' title='bbox 1997 1795 2098 1826; x_wconf 85' lang='grc' dir='ltr'>πατέ-</span> 
     </span>
    </p>
   </div>
   <div class='ocr_carea' id='block_1_14' title="bbox 550 1847 2098 1888">
    <p class='ocr_par' dir='ltr' id='par_1_15' title="bbox 550 1847 2098 1888">
     <span class='ocr_line' id='line_1_43' title="bbox 550 1847 2098 1888; baseline 0.001 -9"><span class='ocrx_word' id='word_1_281' title='bbox 550 1857 649 1879; x_wconf 84' lang='grc'>11111111</span> <span class='ocrx_word' id='word_1_282' title='bbox 665 1856 740 1879; x_wconf 91' lang='lat' dir='ltr'><strong>esse</strong></span> <span class='ocrx_word' id='word_1_283' title='bbox 756 1847 967 1879; x_wconf 89' lang='lat' dir='ltr'><strong>eruditionis</strong></span> <span class='ocrx_word' id='word_1_284' title='bbox 983 1847 1179 1887; x_wconf 84' lang='lat' dir='ltr'><strong>optaverim</strong></span> <span class='ocrx_word' id='word_1_285' title='bbox 1378 1859 1442 1887; x_wconf 92' lang='grc' dir='ltr'><strong>ρων</strong></span> <span class='ocrx_word' id='word_1_286' title='bbox 1466 1848 1567 1887; x_wconf 80' lang='grc' dir='ltr'>ἐνίων,</span> <span class='ocrx_word' id='word_1_287' title='bbox 1595 1849 1706 1880; x_wconf 77' lang='grc' dir='ltr'>οἵτινες</span> <span class='ocrx_word' id='word_1_288' title='bbox 1733 1849 1808 1888; x_wconf 80' lang='grc' dir='ltr'>πρὶν</span> <span class='ocrx_word' id='word_1_289' title='bbox 1833 1849 2000 1887; x_wconf 81' lang='grc' dir='ltr'>δοκιμάσαι</span> <span class='ocrx_word' id='word_1_290' title='bbox 2026 1850 2098 1882; x_wconf 77' lang='grc' dir='ltr'>τοὺς</span> 
     </span>
    </p>
   </div>
   <div class='ocr_carea' id='block_1_15' title="bbox 1378 1900 2097 2053">
    <p class='ocr_par' dir='ltr' id='par_1_16' title="bbox 1378 1900 2097 2053">
     <span class='ocr_line' id='line_1_44' title="bbox 1378 1900 2094 1944; baseline 0.004 -11"><span class='ocrx_word' id='word_1_291' title='bbox 1378 1903 1556 1940; x_wconf 83' lang='grc' dir='ltr'>μέλλοντας</span> <span class='ocrx_word' id='word_1_292' title='bbox 1588 1904 1746 1934; x_wconf 87' lang='grc' dir='ltr'>διδάσκειν</span> <span class='ocrx_word' id='word_1_293' title='bbox 1779 1900 1819 1935; x_wconf 83' lang='grc' dir='ltr'><strong>δι’</strong></span> <span class='ocrx_word' id='word_1_294' title='bbox 1850 1905 1993 1944; x_wconf 73' lang='grc' dir='ltr'>ἄγνοιαν,</span> <span class='ocrx_word' id='word_1_295' title='bbox 2024 1901 2094 1936; x_wconf 79' lang='grc' dir='ltr'>ἐσθ’</span> 
     </span>
     <span class='ocr_line' id='line_1_45' title="bbox 1379 1954 2097 1999; baseline 0.006 -11"><span class='ocrx_word' id='word_1_296' title='bbox 1379 1958 1432 1988; x_wconf 82' lang='grc' dir='ltr'><strong>ὅτε</strong></span> <span class='ocrx_word' id='word_1_297' title='bbox 1452 1959 1503 1989; x_wconf 80' lang='grc' dir='ltr'><strong>καὶ</strong></span> <span class='ocrx_word' id='word_1_298' title='bbox 1528 1954 1569 1989; x_wconf 82' lang='grc' dir='ltr'><strong>δι’</strong></span> <span class='ocrx_word' id='word_1_299' title='bbox 1589 1959 1735 1998; x_wconf 77' lang='grc' dir='ltr'>ἀπειρίαν</span> <span class='ocrx_word' id='word_1_300' title='bbox 1751 1960 1925 1999; x_wconf 83' lang='grc' dir='ltr'>ἀνθρώποις</span> <span class='ocrx_word' id='word_1_301' title='bbox 1942 1961 2097 1999; x_wconf 75' lang='grc' dir='ltr'>ἀδοκίμοις</span> 
     </span>
     <span class='ocr_line' id='line_1_46' title="bbox 1380 2014 1979 2053; baseline 0.003 -9"><span class='ocrx_word' id='word_1_302' title='bbox 1380 2036 1387 2044; x_wconf 93' lang='grc'><em>.</em></span> <span class='ocrx_word' id='word_1_303' title='bbox 1409 2036 1417 2045; x_wconf 87' lang='grc'><strong>.</strong></span> <span class='ocrx_word' id='word_1_304' title='bbox 1439 2037 1446 2044; x_wconf 92' lang='grc'>.</span> <span class='ocrx_word' id='word_1_305' title='bbox 1467 2014 1678 2053; x_wconf 72' lang='grc' dir='ltr'>ἐγχειρίζουσι</span> <span class='ocrx_word' id='word_1_306' title='bbox 1694 2014 1765 2045; x_wconf 81' lang='grc' dir='ltr'>τοὺς</span> <span class='ocrx_word' id='word_1_307' title='bbox 1780 2015 1898 2046; x_wconf 80' lang='grc' dir='ltr'>παῖδας</span> <span class='ocrx_word' id='word_1_308' title='bbox 1913 2017 1979 2046; x_wconf 77' lang='lat' dir='ltr'><strong>etc.</strong></span> 
     </span>
    </p>
   </div>
   <div class='ocr_carea' id='block_1_16' title="bbox 503 2090 2098 2960">
    <p class='ocr_par' dir='ltr' id='par_1_17' title="bbox 503 2090 2098 2960">
     <span class='ocr_line' id='line_1_47' title="bbox 563 2090 2098 2131; baseline 0.001 -8"><span class='ocrx_word' id='word_1_309' title='bbox 563 2091 606 2113; x_wconf 81' lang='lat'><strong>1⁹⁹</strong></span> <span class='ocrx_word' id='word_1_310' title='bbox 623 2091 853 2131; x_wconf 88' lang='lat' dir='ltr'><strong>Chrysippus&#39;</strong></span> <span class='ocrx_word' id='word_1_311' title='bbox 883 2092 961 2131; x_wconf 78' lang='grc' dir='ltr'>Περὶ</span> <span class='ocrx_word' id='word_1_312' title='bbox 986 2091 1111 2122; x_wconf 85' lang='grc' dir='ltr'>παίδων</span> <span class='ocrx_word' id='word_1_313' title='bbox 1136 2091 1269 2130; x_wconf 72' lang='grc' dir='ltr'>ἀγωγῆς</span> <span class='ocrx_word' id='word_1_314' title='bbox 1294 2090 1323 2122; x_wconf 89' lang='lat' dir='ltr'><strong>is</strong></span> <span class='ocrx_word' id='word_1_315' title='bbox 1348 2090 1482 2130; x_wconf 89' lang='lat' dir='ltr'><strong>quoted</strong></span> <span class='ocrx_word' id='word_1_316' title='bbox 1508 2090 1556 2130; x_wconf 88' lang='lat' dir='ltr'><strong>by</strong></span> <span class='ocrx_word' id='word_1_317' title='bbox 1583 2090 1782 2129; x_wconf 87' lang='lat' dir='ltr'><strong>Quintilian</strong></span> <span class='ocrx_word' id='word_1_318' title='bbox 1807 2091 1845 2122; x_wconf 90' lang='lat' dir='ltr'><strong>in</strong></span> <span class='ocrx_word' id='word_1_319' title='bbox 1869 2091 1969 2123; x_wconf 85' lang='lat' dir='ltr'><strong>three</strong></span> <span class='ocrx_word' id='word_1_320' title='bbox 1994 2092 2098 2124; x_wconf 89' lang='lat' dir='ltr'><strong>other</strong></span> 
     </span>
     <span class='ocr_line' id='line_1_48' title="bbox 503 2144 2095 2188; baseline 0 -9"><span class='ocrx_word' id='word_1_321' title='bbox 503 2156 680 2188; x_wconf 86' lang='lat' dir='ltr'><strong>passages,</strong></span> <span class='ocrx_word' id='word_1_322' title='bbox 699 2150 737 2178; x_wconf 92' lang='lat' dir='ltr'><strong>to</strong></span> <span class='ocrx_word' id='word_1_323' title='bbox 753 2146 870 2178; x_wconf 88' lang='lat' dir='ltr'><strong>which</strong></span> <span class='ocrx_word' id='word_1_324' title='bbox 885 2146 985 2177; x_wconf 86' lang='lat' dir='ltr'><strong>there</strong></span> <span class='ocrx_word' id='word_1_325' title='bbox 1002 2155 1062 2177; x_wconf 89' lang='lat' dir='ltr'><strong>are</strong></span> <span class='ocrx_word' id='word_1_326' title='bbox 1078 2155 1126 2177; x_wconf 91' lang='lat' dir='ltr'><strong>no</strong></span> <span class='ocrx_word' id='word_1_327' title='bbox 1142 2145 1281 2186; x_wconf 86' lang='lat' dir='ltr'><strong>strictly</strong></span> <span class='ocrx_word' id='word_1_328' title='bbox 1298 2145 1492 2186; x_wconf 86' lang='lat' dir='ltr'><strong>analogous</strong></span> <span class='ocrx_word' id='word_1_329' title='bbox 1515 2144 1748 2185; x_wconf 89' lang='lat' dir='ltr'><strong>parallelisms</strong></span> <span class='ocrx_word' id='word_1_330' title='bbox 1771 2146 1809 2177; x_wconf 89' lang='lat' dir='ltr'><strong>in</strong></span> <span class='ocrx_word' id='word_1_331' title='bbox 1830 2147 1886 2178; x_wconf 86' lang='lat' dir='ltr'><strong>Ps.</strong></span> <span class='ocrx_word' id='word_1_332' title='bbox 1907 2146 2095 2179; x_wconf 85' lang='lat' dir='ltr'><strong>Plutarch:</strong></span> 
     </span>
     <span class='ocr_line' id='line_1_49' title="bbox 504 2200 2093 2242; baseline -0.001 -8"><span class='ocrx_word' id='word_1_333' title='bbox 504 2203 522 2234; x_wconf 96' lang='lat' dir='ltr'>I</span> <span class='ocrx_word' id='word_1_334' title='bbox 547 2203 577 2242; x_wconf 87' lang='lat'><strong>1,</strong></span> <span class='ocrx_word' id='word_1_335' title='bbox 598 2202 639 2233; x_wconf 90' lang='lat'><strong>16</strong></span> <span class='ocrx_word' id='word_1_336' title='bbox 663 2202 725 2233; x_wconf 93' lang='lat' dir='ltr'><strong>sed</strong></span> <span class='ocrx_word' id='word_1_337' title='bbox 749 2201 809 2233; x_wconf 91' lang='lat' dir='ltr'><strong>alii</strong></span> <span class='ocrx_word' id='word_1_338' title='bbox 833 2210 974 2241; x_wconf 90' lang='lat' dir='ltr'><strong>quoque</strong></span> <span class='ocrx_word' id='word_1_339' title='bbox 998 2203 1172 2240; x_wconf 87' lang='lat' dir='ltr'><strong>auctores,</strong></span> <span class='ocrx_word' id='word_1_340' title='bbox 1193 2200 1286 2232; x_wconf 91' lang='lat' dir='ltr'><strong>inter</strong></span> <span class='ocrx_word' id='word_1_341' title='bbox 1310 2209 1398 2241; x_wconf 84' lang='lat' dir='ltr'><strong>quos</strong></span> <span class='ocrx_word' id='word_1_342' title='bbox 1421 2200 1686 2239; x_wconf 86' lang='lat' dir='ltr'><strong>Eratosthenes,</strong></span> <span class='ocrx_word' id='word_1_343' title='bbox 1707 2200 1801 2232; x_wconf 90' lang='lat' dir='ltr'><strong>idem</strong></span> <span class='ocrx_word' id='word_1_344' title='bbox 1824 2205 2093 2242; x_wconf 89' lang='lat' dir='ltr'><strong>praeceperunt,</strong></span> 
     </span>
     <span class='ocr_line' id='line_1_50' title="bbox 504 2255 2093 2297; baseline 0 -8"><span class='ocrx_word' id='word_1_345' title='bbox 504 2257 630 2289; x_wconf 88' lang='lat' dir='ltr'><strong>melius</strong></span> <span class='ocrx_word' id='word_1_346' title='bbox 655 2260 776 2289; x_wconf 87' lang='lat' dir='ltr'><strong>autem</strong></span> <span class='ocrx_word' id='word_1_347' title='bbox 800 2256 861 2297; x_wconf 90' lang='lat' dir='ltr'><strong>qui</strong></span> <span class='ocrx_word' id='word_1_348' title='bbox 885 2256 1023 2287; x_wconf 89' lang='lat' dir='ltr'><strong>nullum</strong></span> <span class='ocrx_word' id='word_1_349' title='bbox 1047 2259 1188 2296; x_wconf 90' lang='lat' dir='ltr'><strong>tempus</strong></span> <span class='ocrx_word' id='word_1_350' title='bbox 1209 2265 1335 2287; x_wconf 89' lang='lat' dir='ltr'><strong>vacare</strong></span> <span class='ocrx_word' id='word_1_351' title='bbox 1357 2265 1443 2287; x_wconf 84' lang='lat' dir='ltr'><strong>eura</strong></span> <span class='ocrx_word' id='word_1_352' title='bbox 1458 2255 1595 2295; x_wconf 88' lang='lat' dir='ltr'><strong>volunt,</strong></span> <span class='ocrx_word' id='word_1_353' title='bbox 1614 2258 1655 2287; x_wconf 87' lang='lat' dir='ltr'><strong>ut</strong></span> <span class='ocrx_word' id='word_1_354' title='bbox 1675 2255 1901 2296; x_wconf 75' lang='lat' dir='ltr'><strong>Chrysippus.</strong></span> <span class='ocrx_word' id='word_1_355' title='bbox 1951 2266 2036 2288; x_wconf 87' lang='lat' dir='ltr'><strong>nam</strong></span> <span class='ocrx_word' id='word_1_356' title='bbox 2052 2257 2093 2297; x_wconf 91' lang='lat' dir='ltr'><strong>is,</strong></span> 
     </span>
     <span class='ocr_line' id='line_1_51' title="bbox 505 2311 2095 2354; baseline -0.001 -9"><span class='ocrx_word' id='word_1_357' title='bbox 505 2313 666 2354; x_wconf 87' lang='lat' dir='ltr'><strong>quamvis</strong></span> <span class='ocrx_word' id='word_1_358' title='bbox 690 2312 890 2344; x_wconf 88' lang='lat' dir='ltr'><strong>nutricibus</strong></span> <span class='ocrx_word' id='word_1_359' title='bbox 913 2311 1109 2343; x_wconf 89' lang='lat' dir='ltr'><strong>triennium</strong></span> <span class='ocrx_word' id='word_1_360' title='bbox 1133 2311 1282 2350; x_wconf 86' lang='lat' dir='ltr'><strong>dederit,</strong></span> <span class='ocrx_word' id='word_1_361' title='bbox 1302 2314 1425 2343; x_wconf 89' lang='lat' dir='ltr'><strong>tamen</strong></span> <span class='ocrx_word' id='word_1_362' title='bbox 1448 2311 1493 2343; x_wconf 90' lang='lat' dir='ltr'><strong>ab</strong></span> <span class='ocrx_word' id='word_1_363' title='bbox 1517 2311 1586 2343; x_wconf 86' lang='lat' dir='ltr'><strong>illis</strong></span> <span class='ocrx_word' id='word_1_364' title='bbox 1609 2321 1749 2352; x_wconf 91' lang='lat' dir='ltr'><strong>quoque</strong></span> <span class='ocrx_word' id='word_1_365' title='bbox 1773 2311 1845 2343; x_wconf 87' lang='lat' dir='ltr'><strong>iam</strong></span> <span class='ocrx_word' id='word_1_366' title='bbox 1868 2311 2095 2344; x_wconf 78' lang='lat' dir='ltr'><strong>formandam</strong></span> 
     </span>
     <span class='ocr_line' id='line_1_52' title="bbox 505 2366 2096 2409; baseline -0.001 -8"><span class='ocrx_word' id='word_1_367' title='bbox 505 2378 611 2409; x_wconf 92' lang='lat' dir='ltr'><strong>quam</strong></span> <span class='ocrx_word' id='word_1_368' title='bbox 629 2369 772 2409; x_wconf 90' lang='lat' dir='ltr'><strong>optimis</strong></span> <span class='ocrx_word' id='word_1_369' title='bbox 788 2368 962 2399; x_wconf 85' lang='lat' dir='ltr'><strong>institutis</strong></span> <span class='ocrx_word' id='word_1_370' title='bbox 978 2370 1135 2399; x_wconf 89' lang='lat' dir='ltr'><strong>mentem</strong></span> <span class='ocrx_word' id='word_1_371' title='bbox 1152 2367 1345 2398; x_wconf 80' lang='lat' dir='ltr'><strong>infantium</strong></span> <span class='ocrx_word' id='word_1_372' title='bbox 1362 2366 1505 2398; x_wconf 85' lang='lat' dir='ltr'><strong>iudicat.</strong></span> <span class='ocrx_word' id='word_1_373' title='bbox 1541 2367 1559 2398; x_wconf 92' lang='grc' dir='ltr'>Ι</span> <span class='ocrx_word' id='word_1_374' title='bbox 1576 2367 1628 2406; x_wconf 91' lang='grc'><strong>10,</strong></span> <span class='ocrx_word' id='word_1_375' title='bbox 1641 2367 1682 2398; x_wconf 88' lang='grc'><strong>32</strong></span> <span class='ocrx_word' id='word_1_376' title='bbox 1700 2370 1736 2398; x_wconf 87' lang='lat' dir='ltr'><strong>et</strong></span> <span class='ocrx_word' id='word_1_377' title='bbox 1756 2366 1971 2407; x_wconf 76' lang='lat' dir='ltr'><strong>Chrysippus</strong></span> <span class='ocrx_word' id='word_1_378' title='bbox 1987 2368 2096 2400; x_wconf 91' lang='lat' dir='ltr'><strong>etiam</strong></span> 
     </span>
     <span class='ocr_line' id='line_1_53' title="bbox 504 2421 2095 2464; baseline -0.001 -9"><span class='ocrx_word' id='word_1_379' title='bbox 504 2424 685 2455; x_wconf 90' lang='lat' dir='ltr'><strong>nutricum</strong></span> <span class='ocrx_word' id='word_1_380' title='bbox 713 2423 764 2455; x_wconf 89' lang='lat' dir='ltr'><strong>illi</strong></span> <span class='ocrx_word' id='word_1_381' title='bbox 792 2432 882 2464; x_wconf 86' lang='lat' dir='ltr'><strong>quae</strong></span> <span class='ocrx_word' id='word_1_382' title='bbox 911 2423 1101 2455; x_wconf 87' lang='lat' dir='ltr'><strong>adhibetur</strong></span> <span class='ocrx_word' id='word_1_383' title='bbox 1128 2422 1327 2454; x_wconf 80' lang='lat' dir='ltr'><strong>infantibus</strong></span> <span class='ocrx_word' id='word_1_384' title='bbox 1354 2421 1584 2454; x_wconf 88' lang='lat' dir='ltr'><strong>adlectationi</strong></span> <span class='ocrx_word' id='word_1_385' title='bbox 1611 2431 1715 2453; x_wconf 91' lang='lat' dir='ltr'><strong>suum</strong></span> <span class='ocrx_word' id='word_1_386' title='bbox 1743 2422 1923 2462; x_wconf 89' lang='lat' dir='ltr'><strong>quoddam</strong></span> <span class='ocrx_word' id='word_1_387' title='bbox 1950 2432 2095 2455; x_wconf 90' lang='lat' dir='ltr'><strong>carmen</strong></span> 
     </span>
     <span class='ocr_line' id='line_1_54' title="bbox 504 2477 2096 2520; baseline -0.001 -9"><span class='ocrx_word' id='word_1_388' title='bbox 504 2479 676 2520; x_wconf 84' lang='lat' dir='ltr'><strong>adsignat.</strong></span> <span class='ocrx_word' id='word_1_389' title='bbox 728 2479 747 2510; x_wconf 89' lang='grc' dir='ltr'>Ι</span> <span class='ocrx_word' id='word_1_390' title='bbox 771 2480 824 2518; x_wconf 90' lang='grc'><strong>11,</strong></span> <span class='ocrx_word' id='word_1_391' title='bbox 846 2479 885 2511; x_wconf 88' lang='grc'><strong>17</strong></span> <span class='ocrx_word' id='word_1_392' title='bbox 911 2488 991 2510; x_wconf 89' lang='lat' dir='ltr'><strong>cum</strong></span> <span class='ocrx_word' id='word_1_393' title='bbox 1008 2478 1218 2518; x_wconf 86' lang='lat' dir='ltr'><strong>praesertim</strong></span> <span class='ocrx_word' id='word_1_394' title='bbox 1234 2477 1321 2509; x_wconf 90' lang='lat' dir='ltr'><strong>haec</strong></span> <span class='ocrx_word' id='word_1_395' title='bbox 1338 2477 1559 2509; x_wconf 88' lang='lat' dir='ltr'><strong>chironomia</strong></span> <span class='ocrx_word' id='word_1_396' title='bbox 1577 2486 1667 2517; x_wconf 87' lang='lat' dir='ltr'><strong>quae</strong></span> <span class='ocrx_word' id='word_1_397' title='bbox 1689 2480 1753 2517; x_wconf 88' lang='lat' dir='ltr'><strong>est,</strong></span> <span class='ocrx_word' id='word_1_398' title='bbox 1773 2477 1827 2509; x_wconf 86' lang='lat' dir='ltr'><strong>uti</strong></span> <span class='ocrx_word' id='word_1_399' title='bbox 1849 2478 1995 2510; x_wconf 91' lang='lat' dir='ltr'><strong>nomine</strong></span> <span class='ocrx_word' id='word_1_400' title='bbox 2019 2478 2096 2519; x_wconf 82' lang='lat' dir='ltr'><strong>ipso</strong></span> 
     </span>
     <span class='ocr_line' id='line_1_55' title="bbox 503 2532 2096 2574; baseline 0 -8"><span class='ocrx_word' id='word_1_401' title='bbox 503 2534 717 2574; x_wconf 85' lang='lat' dir='ltr'><strong>declaratur,</strong></span> <span class='ocrx_word' id='word_1_402' title='bbox 737 2534 796 2566; x_wconf 88' lang='lat' dir='ltr'><strong>lex</strong></span> <span class='ocrx_word' id='word_1_403' title='bbox 811 2535 931 2574; x_wconf 84' lang='lat' dir='ltr'><strong>gestus</strong></span> <span class='ocrx_word' id='word_1_404' title='bbox 948 2558 955 2566; x_wconf 91' lang='lat'><strong>.</strong></span> <span class='ocrx_word' id='word_1_405' title='bbox 977 2558 984 2565; x_wconf 95' lang='lat'><strong>.</strong></span> <span class='ocrx_word' id='word_1_406' title='bbox 1007 2557 1014 2565; x_wconf 91' lang='lat'><strong>.</strong></span> <span class='ocrx_word' id='word_1_407' title='bbox 1035 2537 1071 2564; x_wconf 89' lang='lat' dir='ltr'><strong>et</strong></span> <span class='ocrx_word' id='word_1_408' title='bbox 1090 2542 1112 2565; x_wconf 94' lang='lat' dir='ltr'><strong>a</strong></span> <span class='ocrx_word' id='word_1_409' title='bbox 1132 2532 1326 2572; x_wconf 73' lang='lat' dir='ltr'><strong>Chrysippo</strong></span> <span class='ocrx_word' id='word_1_410' title='bbox 1352 2533 1389 2564; x_wconf 81' lang='lat' dir='ltr'><strong>in</strong></span> <span class='ocrx_word' id='word_1_411' title='bbox 1407 2533 1602 2571; x_wconf 79' lang='lat' dir='ltr'><strong>praeceptis</strong></span> <span class='ocrx_word' id='word_1_412' title='bbox 1625 2532 1666 2564; x_wconf 84' lang='lat' dir='ltr'><strong>de</strong></span> <span class='ocrx_word' id='word_1_413' title='bbox 1690 2532 1871 2564; x_wconf 76' lang='lat' dir='ltr'><strong>liberorum</strong></span> <span class='ocrx_word' id='word_1_414' title='bbox 1895 2533 2096 2566; x_wconf 75' lang='lat' dir='ltr'><strong>educatione</strong></span> 
     </span>
     <span class='ocr_line' id='line_1_56' title="bbox 504 2587 2095 2629; baseline -0.001 -8"><span class='ocrx_word' id='word_1_415' title='bbox 504 2599 577 2621; x_wconf 90' lang='lat' dir='ltr'><strong>non</strong></span> <span class='ocrx_word' id='word_1_416' title='bbox 601 2590 740 2621; x_wconf 89' lang='lat' dir='ltr'><strong>omissa.</strong></span> <span class='ocrx_word' id='word_1_417' title='bbox 791 2589 866 2620; x_wconf 92' lang='lat' dir='ltr'><strong>The</strong></span> <span class='ocrx_word' id='word_1_418' title='bbox 891 2588 960 2620; x_wconf 88' lang='lat' dir='ltr'><strong>last</strong></span> <span class='ocrx_word' id='word_1_419' title='bbox 983 2588 1111 2629; x_wconf 87' lang='lat' dir='ltr'><strong>phrase</strong></span> <span class='ocrx_word' id='word_1_420' title='bbox 1137 2587 1211 2620; x_wconf 90' lang='lat' dir='ltr'><strong>also</strong></span> <span class='ocrx_word' id='word_1_421' title='bbox 1236 2588 1339 2619; x_wconf 90' lang='lat' dir='ltr'><strong>bears</strong></span> <span class='ocrx_word' id='word_1_422' title='bbox 1366 2587 1509 2618; x_wconf 89' lang='lat' dir='ltr'><strong>witness</strong></span> <span class='ocrx_word' id='word_1_423' title='bbox 1535 2589 1573 2618; x_wconf 90' lang='lat' dir='ltr'><strong>to</strong></span> <span class='ocrx_word' id='word_1_424' title='bbox 1600 2587 1661 2618; x_wconf 88' lang='lat' dir='ltr'><strong>the</strong></span> <span class='ocrx_word' id='word_1_425' title='bbox 1689 2587 1945 2628; x_wconf 86' lang='lat' dir='ltr'><strong>completeness</strong></span> <span class='ocrx_word' id='word_1_426' title='bbox 1971 2588 2009 2620; x_wconf 83' lang='lat' dir='ltr'><strong>of</strong></span> <span class='ocrx_word' id='word_1_427' title='bbox 2034 2589 2095 2620; x_wconf 91' lang='lat' dir='ltr'><strong>the</strong></span> 
     </span>
     <span class='ocr_line' id='line_1_57' title="bbox 505 2642 2095 2684; baseline 0 -9"><span class='ocrx_word' id='word_1_428' title='bbox 505 2644 622 2676; x_wconf 88' lang='lat' dir='ltr'><strong>Greek</strong></span> <span class='ocrx_word' id='word_1_429' title='bbox 649 2645 804 2684; x_wconf 84' lang='lat' dir='ltr'><strong>treatisc,</strong></span> <span class='ocrx_word' id='word_1_430' title='bbox 833 2644 890 2676; x_wconf 82' lang='lat' dir='ltr'><strong>for</strong></span> <span class='ocrx_word' id='word_1_431' title='bbox 916 2647 954 2675; x_wconf 92' lang='lat' dir='ltr'><strong>to</strong></span> <span class='ocrx_word' id='word_1_432' title='bbox 981 2653 1045 2684; x_wconf 87' lang='lat' dir='ltr'><strong>say</strong></span> <span class='ocrx_word' id='word_1_433' title='bbox 1073 2646 1158 2675; x_wconf 84' lang='lat' dir='ltr'><strong>‘nor</strong></span> <span class='ocrx_word' id='word_1_434' title='bbox 1181 2643 1246 2674; x_wconf 90' lang='lat' dir='ltr'><strong>has</strong></span> <span class='ocrx_word' id='word_1_435' title='bbox 1271 2642 1343 2674; x_wconf 85' lang='lat' dir='ltr'><strong>this</strong></span> <span class='ocrx_word' id='word_1_436' title='bbox 1369 2643 1459 2674; x_wconf 87' lang='lat' dir='ltr'><strong>been</strong></span> <span class='ocrx_word' id='word_1_437' title='bbox 1488 2642 1636 2673; x_wconf 90' lang='lat' dir='ltr'><strong>omitted</strong></span> <span class='ocrx_word' id='word_1_438' title='bbox 1662 2643 1709 2682; x_wconf 89' lang='lat' dir='ltr'><strong>by</strong></span> <span class='ocrx_word' id='word_1_439' title='bbox 1736 2642 1954 2683; x_wconf 86' lang='lat' dir='ltr'><strong>Chrysippus</strong></span> <span class='ocrx_word' id='word_1_440' title='bbox 1979 2643 2017 2675; x_wconf 88' lang='lat' dir='ltr'><strong>in</strong></span> <span class='ocrx_word' id='word_1_441' title='bbox 2040 2643 2095 2675; x_wconf 87' lang='lat' dir='ltr'><strong>his</strong></span> 
     </span>
     <span class='ocr_line' id='line_1_58' title="bbox 503 2697 2094 2739; baseline 0 -9"><span class='ocrx_word' id='word_1_442' title='bbox 503 2703 666 2739; x_wconf 88' lang='lat' dir='ltr'><strong>precepts</strong></span> <span class='ocrx_word' id='word_1_443' title='bbox 683 2700 764 2731; x_wconf 86' lang='lat' dir='ltr'><strong>etc.&#39;</strong></span> <span class='ocrx_word' id='word_1_444' title='bbox 784 2699 922 2739; x_wconf 86' lang='lat' dir='ltr'><strong>implies</strong></span> <span class='ocrx_word' id='word_1_445' title='bbox 938 2699 1017 2730; x_wconf 89' lang='lat' dir='ltr'><strong>that</strong></span> <span class='ocrx_word' id='word_1_446' title='bbox 1034 2698 1231 2738; x_wconf 82' lang='lat' dir='ltr'><strong>Quintilian</strong></span> <span class='ocrx_word' id='word_1_447' title='bbox 1248 2697 1367 2729; x_wconf 88' lang='lat' dir='ltr'><strong>would</strong></span> <span class='ocrx_word' id='word_1_448' title='bbox 1382 2697 1471 2729; x_wconf 90' lang='lat' dir='ltr'><strong>have</strong></span> <span class='ocrx_word' id='word_1_449' title='bbox 1487 2697 1578 2729; x_wconf 88' lang='lat' dir='ltr'><strong>been</strong></span> <span class='ocrx_word' id='word_1_450' title='bbox 1594 2706 1680 2737; x_wconf 86' lang='lat' dir='ltr'><strong>very</strong></span> <span class='ocrx_word' id='word_1_451' title='bbox 1697 2697 1804 2729; x_wconf 88' lang='lat' dir='ltr'><strong>much</strong></span> <span class='ocrx_word' id='word_1_452' title='bbox 1819 2698 2010 2738; x_wconf 85' lang='lat' dir='ltr'><strong>surprised,</strong></span> <span class='ocrx_word' id='word_1_453' title='bbox 2022 2698 2094 2730; x_wconf 89' lang='lat' dir='ltr'><strong>had</strong></span> 
     </span>
     <span class='ocr_line' id='line_1_59' title="bbox 503 2752 2093 2794; baseline 0 -9"><span class='ocrx_word' id='word_1_454' title='bbox 503 2754 548 2785; x_wconf 93' lang='lat' dir='ltr'><strong>he</strong></span> <span class='ocrx_word' id='word_1_455' title='bbox 565 2754 658 2785; x_wconf 90' lang='lat' dir='ltr'><strong>done</strong></span> <span class='ocrx_word' id='word_1_456' title='bbox 674 2763 722 2786; x_wconf 90' lang='lat' dir='ltr'><strong>so.</strong></span> <span class='ocrx_word' id='word_1_457' title='bbox 773 2755 848 2785; x_wconf 88' lang='lat' dir='ltr'><strong>The</strong></span> <span class='ocrx_word' id='word_1_458' title='bbox 872 2753 971 2785; x_wconf 89' lang='lat' dir='ltr'><strong>word</strong></span> <span class='ocrx_word' id='word_1_459' title='bbox 995 2754 1174 2793; x_wconf 85' lang='grc' dir='ltr'>χειρονομία</span> <span class='ocrx_word' id='word_1_460' title='bbox 1198 2752 1293 2784; x_wconf 80' lang='lat' dir='ltr'><strong>itself</strong></span> <span class='ocrx_word' id='word_1_461' title='bbox 1315 2761 1399 2792; x_wconf 90' lang='lat' dir='ltr'><strong>may</strong></span> <span class='ocrx_word' id='word_1_462' title='bbox 1420 2752 1512 2784; x_wconf 87' lang='lat' dir='ltr'><strong>have</strong></span> <span class='ocrx_word' id='word_1_463' title='bbox 1533 2752 1624 2783; x_wconf 91' lang='lat' dir='ltr'><strong>been</strong></span> <span class='ocrx_word' id='word_1_464' title='bbox 1646 2752 1771 2784; x_wconf 88' lang='lat' dir='ltr'><strong>coined</strong></span> <span class='ocrx_word' id='word_1_465' title='bbox 1790 2753 1838 2793; x_wconf 89' lang='lat' dir='ltr'><strong>by</strong></span> <span class='ocrx_word' id='word_1_466' title='bbox 1856 2753 2093 2794; x_wconf 87' lang='lat' dir='ltr'><strong>Chrysippos;</strong></span> 
     </span>
     <span class='ocr_line' id='line_1_60' title="bbox 505 2807 2090 2848; baseline -0.002 -7"><span class='ocrx_word' id='word_1_467' title='bbox 505 2812 543 2841; x_wconf 89' lang='lat' dir='ltr'><strong>at</strong></span> <span class='ocrx_word' id='word_1_468' title='bbox 565 2809 655 2841; x_wconf 90' lang='lat' dir='ltr'><strong>least</strong></span> <span class='ocrx_word' id='word_1_469' title='bbox 678 2810 706 2840; x_wconf 90' lang='lat' dir='ltr'><strong>it</strong></span> <span class='ocrx_word' id='word_1_470' title='bbox 729 2809 814 2841; x_wconf 85' lang='lat' dir='ltr'><strong>does</strong></span> <span class='ocrx_word' id='word_1_471' title='bbox 837 2812 901 2841; x_wconf 90' lang='lat' dir='ltr'><strong>not</strong></span> <span class='ocrx_word' id='word_1_472' title='bbox 924 2818 1020 2840; x_wconf 91' lang='lat' dir='ltr'><strong>seem</strong></span> <span class='ocrx_word' id='word_1_473' title='bbox 1043 2811 1080 2840; x_wconf 88' lang='lat' dir='ltr'><strong>to</strong></span> <span class='ocrx_word' id='word_1_474' title='bbox 1105 2817 1211 2840; x_wconf 87' lang='lat' dir='ltr'><strong>occur</strong></span> <span class='ocrx_word' id='word_1_475' title='bbox 1233 2807 1355 2839; x_wconf 84' lang='lat' dir='ltr'><strong>before</strong></span> <span class='ocrx_word' id='word_1_476' title='bbox 1380 2808 1441 2839; x_wconf 88' lang='lat' dir='ltr'><strong>the</strong></span> <span class='ocrx_word' id='word_1_477' title='bbox 1471 2807 1559 2838; x_wconf 89' lang='lat' dir='ltr'><strong>time</strong></span> <span class='ocrx_word' id='word_1_478' title='bbox 1587 2807 1625 2839; x_wconf 83' lang='lat' dir='ltr'><strong>of</strong></span> <span class='ocrx_word' id='word_1_479' title='bbox 1655 2807 1802 2846; x_wconf 83' lang='lat' dir='ltr'><strong>Lucian,</strong></span> <span class='ocrx_word' id='word_1_480' title='bbox 1829 2808 1935 2848; x_wconf 89' lang='lat' dir='ltr'><strong>being</strong></span> <span class='ocrx_word' id='word_1_481' title='bbox 1965 2807 2090 2847; x_wconf 80' lang='lat' dir='ltr'><strong>found,</strong></span> 
     </span>
     <span class='ocr_line' id='line_1_61' title="bbox 504 2862 2093 2905; baseline 0 -10"><span class='ocrx_word' id='word_1_482' title='bbox 504 2864 743 2905; x_wconf 84' lang='lat' dir='ltr'><strong>significantly</strong></span> <span class='ocrx_word' id='word_1_483' title='bbox 760 2864 912 2904; x_wconf 88' lang='lat' dir='ltr'><strong>enough,</strong></span> <span class='ocrx_word' id='word_1_484' title='bbox 932 2864 968 2895; x_wconf 88' lang='lat' dir='ltr'><strong>in</strong></span> <span class='ocrx_word' id='word_1_485' title='bbox 985 2864 1046 2895; x_wconf 91' lang='lat' dir='ltr'><strong>the</strong></span> <span class='ocrx_word' id='word_1_486' title='bbox 1062 2865 1134 2903; x_wconf 83' lang='grc' dir='ltr'>περὶ</span> <span class='ocrx_word' id='word_1_487' title='bbox 1150 2864 1311 2903; x_wconf 83' lang='grc' dir='ltr'>ὀρχήσεως</span> <span class='ocrx_word' id='word_1_488' title='bbox 1327 2872 1355 2894; x_wconf 89' lang='lat' dir='ltr'><strong>c.</strong></span> <span class='ocrx_word' id='word_1_489' title='bbox 1370 2862 1421 2894; x_wconf 81' lang='lat'><strong>78.</strong></span> <span class='ocrx_word' id='word_1_490' title='bbox 1473 2862 1547 2894; x_wconf 90' lang='lat' dir='ltr'><strong>The</strong></span> <span class='ocrx_word' id='word_1_491' title='bbox 1563 2862 1649 2894; x_wconf 88' lang='lat' dir='ltr'><strong>verb</strong></span> <span class='ocrx_word' id='word_1_492' title='bbox 1666 2864 1856 2902; x_wconf 85' lang='grc' dir='ltr'>χειρονομεῖν</span> <span class='ocrx_word' id='word_1_493' title='bbox 1871 2862 1901 2894; x_wconf 90' lang='lat' dir='ltr'><strong>is</strong></span> <span class='ocrx_word' id='word_1_494' title='bbox 1916 2866 1990 2894; x_wconf 91' lang='lat' dir='ltr'><strong>met</strong></span> <span class='ocrx_word' id='word_1_495' title='bbox 2005 2863 2093 2895; x_wconf 87' lang='lat' dir='ltr'><strong>with</strong></span> 
     </span>
     <span class='ocr_line' id='line_1_62' title="bbox 505 2918 1400 2960; baseline -0.003 -8"><span class='ocrx_word' id='word_1_496' title='bbox 505 2919 742 2960; x_wconf 87' lang='lat' dir='ltr'><strong>occasionally</strong></span> <span class='ocrx_word' id='word_1_497' title='bbox 758 2919 796 2951; x_wconf 90' lang='lat' dir='ltr'><strong>in</strong></span> <span class='ocrx_word' id='word_1_498' title='bbox 808 2919 911 2951; x_wconf 89' lang='lat' dir='ltr'><strong>Plato</strong></span> <span class='ocrx_word' id='word_1_499' title='bbox 928 2928 957 2951; x_wconf 88' lang='lat' dir='ltr'><strong>e.</strong></span> <span class='ocrx_word' id='word_1_500' title='bbox 970 2928 1002 2960; x_wconf 90' lang='lat' dir='ltr'><strong>g.</strong></span> <span class='ocrx_word' id='word_1_501' title='bbox 1023 2919 1066 2950; x_wconf 95' lang='lat' dir='ltr'><strong>de</strong></span> <span class='ocrx_word' id='word_1_502' title='bbox 1083 2918 1149 2959; x_wconf 89' lang='lat' dir='ltr'><strong>leg.</strong></span> <span class='ocrx_word' id='word_1_503' title='bbox 1170 2918 1233 2951; x_wconf 82' lang='lat'><strong>795</strong></span> <span class='ocrx_word' id='word_1_504' title='bbox 1243 2918 1277 2950; x_wconf 80' lang='lat' dir='ltr'><strong>d,</strong></span> <span class='ocrx_word' id='word_1_505' title='bbox 1299 2918 1361 2950; x_wconf 86' lang='lat'><strong>796</strong></span> <span class='ocrx_word' id='word_1_506' title='bbox 1371 2927 1400 2950; x_wconf 95' lang='lat' dir='ltr'><strong>e.</strong></span> 
     </span>
    </p>
   </div>
  </div>
 </body>
</html>
