2262 3224
417 214 497 256 xiv
1024 226 1399 260 PROLEGOMENA.

370 390 373 391 ⁷
418 338 590 390 ‘vulgo'
626 340 671 378 in
704 340 776 380 the
810 340 920 390 title,
955 342 1039 380 and
1072 341 1124 380 he
1158 353 1243 380 was
1279 341 1471 393 strongly
1505 342 1702 393 disposed
1734 346 1778 381 to
1812 343 2002 382 abandon

418 405 654 452 Quintilian
683 406 930 457 altogether,
960 407 1135 446 because
1165 407 1211 446 of
1239 407 1548 458 chronological
1577 408 1848 447 difficulties.⁸

472 472 615 511 Doubt
635 472 670 511 is
692 472 948 523 contagious.
1008 474 1061 511 In
1090 473 1163 512 the
1193 477 1364 524 present
1394 473 1582 513 instance
1606 474 1679 513 the
1705 478 1822 525 great
1841 478 2006 526 reputa-

416 537 508 576 tion
527 538 667 578 which
685 538 759 578 the
776 538 784 554 ²
795 539 1022 590 sospitator
1038 538 1195 578 Taciti'
1214 539 1461 591 deservedly
1476 540 1667 592 enjoyed,
1683 540 2005 592 unfortunately

416 603 591 643 blinded
620 604 877 656 subsequent
907 605 1091 644 scholars
1111 609 1156 644 to
1175 606 1249 645 the
1270 606 1464 657 palpable
1485 606 1700 645 weakness
1723 607 1769 645 of
1794 606 1860 645 his
1888 619 2006 657 argu-

417 674 566 709 ments.
627 670 797 722 Lipsius
837 671 1012 710 himself
1048 671 1189 710 would
1226 672 1581 723 unquestionably
1615 672 1720 711 have
1759 672 2005 712 abandoned

416 736 545 785 them,
578 736 615 775 if
648 737 700 776 he
731 737 815 776 had
844 737 951 776 been
981 737 1074 776 able
1105 741 1149 776 to
1181 741 1356 777 account
1387 739 1453 777 for
1483 738 1555 777 the
1587 738 1787 777 manifest
1818 738 2004 790 stylistic

417 802 642 842 difference
685 803 875 842 between
917 804 990 842 the
1034 803 1237 854 Dialogus
1281 804 1364 843 and
1407 804 1479 843 the
1522 804 1741 844 historical
1782 804 1919 844 works
1959 805 2006 844 of
2057 835 2065 842 .

417 869 601 918 Tacitus,
624 869 708 908 and
734 869 769 908 it
796 869 832 908 is
860 869 947 908 this
972 873 1192 920 argument
1210 870 1349 909 which
1369 870 1444 909 has
1466 870 1580 909 since
1600 870 1667 909 his
1688 871 1770 922 day
1790 870 2006 910 remained

416 934 490 973 the
520 947 598 973 one
628 939 745 985 great
774 935 957 974 obstacle
982 935 1028 974 in
1052 936 1125 975 the
1145 949 1238 987 way
1258 936 1304 974 of
1323 949 1348 975 a
1366 936 1615 975 unanimous
1635 936 1798 975 verdict
1818 936 1863 975 in
1883 937 2005 976 favor

417 1000 465 1039 of
482 1001 555 1039 the
576 1001 719 1039 writer
738 1004 782 1039 to
803 1001 941 1039 whom
960 1001 1019 1040 all
1039 1014 1114 1040 our
1134 1002 1254 1040 MSS.
1276 1002 1478 1040 attribute
1499 1002 1572 1041 the
1592 1002 1809 1052 Dialogue.
1857 1003 2005 1042 Under

416 1066 490 1104 the
510 1066 848 1115 circumstances,
869 1066 1075 1116 however,
1098 1066 1298 1105 Tacitean
1317 1067 1565 1117 authorship
1586 1068 1752 1107 seemed
1771 1071 1844 1107 out
1863 1068 1910 1108 of
1931 1068 2004 1107 the

418 1131 624 1182 question.
667 1132 914 1181 Quintilian,
950 1132 996 1170 in
1030 1132 1139 1182 spite
1171 1132 1216 1170 of
1246 1132 1430 1183 Lipsius'
1464 1132 1584 1181 later,
1616 1133 1746 1172 albeit
1776 1133 2007 1173 somewhat

418 1197 701 1238 half-hearted
716 1198 956 1247 retraction,
977 1198 1062 1237 had
1081 1199 1153 1237 the
1174 1202 1284 1237 most
1305 1197 1579 1249 supporters,⁴
1594 1199 1808 1238 doubtless
1828 1199 2005 1239 because

473 1308 487 1330 Β
499 1308 552 1340 As
567 1308 721 1349 Lipsius'
741 1307 828 1341 final
851 1311 1038 1341 utterance
1062 1317 1110 1341 on
1132 1309 1204 1340 this
1220 1308 1369 1349 subject,
1390 1309 1427 1340 in
1443 1309 1498 1340 his
1513 1308 1650 1341 edition
1667 1308 1705 1341 of
1721 1310 1818 1350 1585,
1837 1309 2007 1352 virtually

418 1364 611 1403 embodies‚
630 1363 766 1405 though
789 1363 827 1395 in
850 1372 949 1395 some
972 1372 1071 1396 cases
1094 1363 1179 1404 only
1204 1364 1241 1395 in
1264 1364 1432 1403 solution,
1452 1367 1546 1395 most
1570 1363 1608 1396 of
1630 1364 1691 1396 the
1715 1364 1912 1405 obJ'ections
1926 1365 2009 1398 sub-

416 1419 605 1460 sequently
622 1419 735 1460 urged
751 1419 891 1460 against
905 1419 966 1451 the
983 1419 1154 1451 Tacitean
1176 1419 1387 1459 authorship
1403 1418 1441 1450 of
1463 1419 1524 1450 the
1546 1418 1732 1460 Dialogue,
1751 1419 1780 1452 it
1795 1419 1868 1451 wiU
1883 1422 1949 1452 not
1963 1420 2008 1453 be

416 1478 482 1508 out
498 1475 536 1507 of
550 1474 663 1515 place,
682 1477 720 1506 to
744 1474 813 1506 cite
836 1474 897 1506 the
920 1483 1068 1515 passage
1085 1474 1122 1506 in
1138 1473 1227 1506 full:
1255 1474 1433 1514 ‘Scriptor
1455 1477 1577 1506 tamen
1601 1474 1674 1515 ipse
1699 1474 1864 1507 incertus.
1914 1475 2008 1508 Nam

415 1530 582 1563 Tacitum
610 1529 731 1569 fuisse,
762 1529 823 1570 qui
849 1529 1022 1562 credam?
1069 1529 1190 1569 Stylus
1216 1529 1314 1561 valde
1341 1529 1472 1569 abnuit,
1501 1529 1608 1570 idque
1635 1538 1709 1561 non
1736 1529 1850 1563 fallax
1876 1530 1914 1562 in
1940 1530 2008 1563 hoe

415 1594 545 1626 genere
572 1587 847 1626 argumentum:
883 1584 998 1625 stylus
1029 1584 1067 1615 in
1095 1584 1231 1624 Tacito,
1262 1584 1476 1616 constrictus
1505 1583 1649 1625 ubique,
1679 1587 1785 1624 teres,
1815 1587 1943 1618 acutus
1973 1587 2010 1618 et

414 1650 559 1673 severus
574 1640 688 1681 magis
705 1649 812 1681 quam
829 1639 988 1680 lepidus:
1012 1639 1070 1671 hic
1088 1639 1210 1672 omnia
1226 1642 1361 1671 contra.
1407 1638 1468 1681 (So
1484 1638 1559 1671 also
1575 1639 1776 1679 Andresen,
1796 1639 1890 1672 Einl.
1910 1649 1944 1681 p.
1965 1640 2008 1673 9:

415 1696 491 1728 Der
507 1696 572 1729 Stil
588 1696 652 1727 des
667 1696 712 1727 D.
732 1695 796 1727 hat
811 1695 879 1726 mit
894 1694 975 1726 dem
999 1694 1237 1726 historischen
1262 1694 1327 1727 Stil
1351 1694 1413 1726 des
1436 1694 1582 1726 Tacitus
1604 1694 1717 1726 nichts
1739 1695 1910 1739 gemein.)
1956 1695 2010 1727 At

414 1752 549 1784 mutari
565 1752 595 1783 is
611 1751 648 1783 in
666 1754 784 1783 aetate
801 1753 864 1782 aut
880 1753 1092 1791 argumento
1108 1753 1238 1791 potest,
1257 1750 1436 1790 inquiunt.
1486 1750 1567 1782 Non
1588 1759 1700 1791 nego:
1724 1749 1787 1782 sed
1809 1759 2008 1791 numquam

415 1807 468 1839 ita
482 1810 523 1839 ut
539 1807 645 1839 abeat
660 1815 806 1847 prorsus
821 1815 843 1838 a
858 1814 944 1838 sese.
988 1805 1169 1846 Quidquid
1187 1805 1311 1838 Cicero
1327 1805 1469 1845 scripsit
1483 1813 1604 1845 seneX,
1621 1805 1758 1837 iuvenis
1773 1804 2004 1847 philologum,

413 1863 678 1904 philosophum,
698 1861 736 1893 in
752 1861 796 1893 iis
810 1864 933 1893 tamen
957 1860 1168 1893 liniamenta
1191 1860 1367 1901 quaedam
1389 1863 1563 1901 apparent
1579 1860 1738 1893 eiusdem
1753 1860 1821 1892 viri
1837 1863 1873 1892 et
1888 1860 2009 1893 vultus

414 1942 424 1950 .
446 1943 453 1950 .
475 1943 483 1950 .
505 1919 650 1950 aetatem
675 1917 780 1949 etiam
801 1916 888 1956 vide,
908 1917 939 1948 si
958 1925 1026 1948 non
1037 1917 1183 1956 puynat.
1234 1915 1301 1947 Hic
1325 1915 1477 1956 scriptor
1498 1924 1700 1947 sermonem
1723 1915 1818 1947 hunc
1842 1915 2006 1948 habitum

414 1973 553 2005 inducit
577 1975 680 2005 sexto
704 1971 869 2004 Flaviani
894 1971 1035 2012 imperii
1060 1980 1176 2003 anno:
1208 1971 1311 2011 eique
1336 1970 1540 2002 interfuisse
1563 1979 1601 2002 se
1625 1970 1811 2002 admodum
1836 1970 2002 2003 iuvenem.

415 2028 604 2069 Quomodo
631 2037 715 2060 vero
743 2030 829 2059 tunc
857 2027 1053 2059 admodum
1084 2026 1223 2058 iuvenis
1250 2026 1405 2066 Tacitus,
1436 2026 1466 2057 si
1492 2026 1646 2057 honores
1676 2026 1785 2058 etiam
1816 2026 1911 2067 cepit
1939 2026 2007 2059 sub

413 2084 637 2125 Vespasiano
655 2107 662 2115 .
685 2107 692 2115 .
714 2106 722 2114 .
773 2082 843 2114 Sed
871 2082 1084 2121 eaeemplaria
1110 2082 1230 2113 omnia
1260 2081 1377 2113 Tacito
1406 2080 1530 2113 librum
1557 2081 1648 2113 hunc
1675 2082 1843 2113 asserum.
1905 2081 2005 2121 Quae

413 2139 502 2172 illa?
534 2139 596 2171 vix
619 2138 707 2170 bina
731 2140 795 2170 aut
819 2139 924 2169 terna
948 2136 1054 2168 credo
1080 2146 1123 2168 ea
1147 2145 1222 2168 esse
1246 2136 1283 2167 in
1309 2135 1407 2167 omni
1432 2136 1588 2176 Europa,
1617 2144 1707 2176 quae
1733 2138 1809 2168 tam
1836 2135 1942 2168 facile
1969 2139 2006 2168 et

412 2204 567 2236 pronum
596 2197 650 2226 est
677 2193 735 2225 hic
762 2192 907 2224 mentiri
935 2201 1042 2232 quam
1070 2192 1108 2223 in
1135 2191 1214 2224 aliis
1240 2191 1339 2223 libris
1370 2200 1484 2231 saepe.
1547 2190 1616 2223 Sed
1647 2190 1756 2223 etiam
1786 2190 2004 2230 Pomponius

414 2250 574 2282 Sabinus.
626 2249 663 2280 Is
688 2248 797 2289 igitur
821 2247 974 2279 Sabinus
999 2247 1137 2278 mediae
1164 2246 1291 2278 aetatis
1314 2245 1568 2287 grammaticus
1595 2245 1631 2277 in
1660 2254 1804 2277 carmen
1831 2245 1875 2277 de
1903 2245 2004 2277 obitu

413 2304 654 2337 Maecenatis:
690 2302 877 2335 Cornelius
908 2302 1053 2334 Tacitus
1084 2301 1240 2342 appellat
1270 2301 1402 2341 scripta
1430 2300 1649 2332 Maecenatis
1675 2299 1905 2332 calamistros.
1936 2309 2002 2332 nec

412 2369 544 2401 negare
567 2362 662 2391 certe
684 2366 874 2398 possumus
890 2357 977 2397 quin
994 2357 1023 2388 is
1039 2357 1137 2388 locus
1153 2356 1328 2396 hodieque
1346 2356 1382 2387 in
1398 2356 1466 2387 hoc
1482 2355 1601 2387 libello
1617 2358 1742 2388 exstet.
1762 2355 1847 2395 quid
1863 2354 2002 2387 dicam!

413 2416 505 2448 serio
531 2418 567 2447 et
591 2414 756 2454 ingenue,
785 2412 874 2444 nihil
899 2421 956 2444 me
983 2412 1126 2444 credere
1152 2412 1234 2443 huic
1260 2411 1407 2452 ignobili
1433 2410 1576 2450 Sabino,
1604 2410 1664 2451 qui
1689 2419 1734 2442 ex
1757 2410 1870 2442 veteri
1893 2410 2003 2442 verbo

413 2470 604 2503 somniavit
620 2464 772 2501 fortasse
791 2468 887 2509 quod
903 2468 1016 2499 voluit
1035 2468 1061 2509 (!
1075 2468 1097 2510 !)
1117 2492 1123 2499 .
1146 2491 1153 2498 .
1176 2491 1183 2499 .
1234 2466 1458 2498 Incommodi
1477 2466 1561 2506 quid
1578 2465 1646 2497 erit
1661 2465 1734 2497 sive
1750 2465 1874 2503 Tacito
1890 2465 2002 2497 tribu-

413 2535 516 2559 amus
531 2526 603 2557 sive
620 2525 667 2556 M.
690 2524 801 2556 Fabio
821 2523 1043 2563 Quintiliano
1059 2524 1097 2554 ut
1114 2522 1200 2554 mihi
1216 2522 1299 2554 olim
1316 2522 1428 2553 visum
1445 2522 1502 2553 est.
1523 2530 1608 2552 nam
1625 2523 1662 2552 et
1677 2520 1787 2559 stylus
1804 2520 1877 2560 ipse
1892 2519 2003 2559 plane

412 2582 571 2623 yeminus
588 2583 623 2611 et
640 2579 698 2611 ille
715 2589 752 2611 se
770 2579 810 2611 de
827 2580 943 2611 causis
959 2579 1140 2618 corruptae
1156 2577 1368 2617 eloquentiae
1383 2576 1562 2617 scripsisse
1578 2575 1657 2615 plus
1672 2584 1746 2606 uno
1761 2574 1840 2606 loco
1851 2574 2000 2607 fatetur:

414 2646 519 2678 quem
535 2635 682 2667 titulum
698 2635 801 2667 valde
819 2634 1022 2675 appositum
1038 2633 1110 2665 scio
1126 2633 1209 2664 huic
1226 2635 1436 2673 argumento
1454 2655 1461 2663 .
1480 2656 1486 2663 .
1506 2655 1512 2663 .
1534 2631 1630 2662 aetas
1646 2633 1768 2662 tamen
1789 2629 2001 2670 Quintiliani

412 2691 532 2733 paullo
548 2691 716 2732 yrandior
732 2691 841 2722 fuisse
857 2689 1000 2721 videtur
1016 2697 1123 2729 quam
1139 2690 1181 2719 ut
1195 2687 1252 2718 hic
1269 2695 1384 2718 sermo
1400 2686 1543 2718 habitus
1558 2685 1605 2717 sit
1621 2684 1681 2716 illo
1698 2685 1834 2717 iuvene.
1874 2684 2000 2724 Itaque

413 2748 554 2789 ambigo
571 2751 607 2779 et
624 2756 706 2779 cum
722 2746 836 2778 multa
852 2744 1016 2783 dixerim,
1036 2743 1163 2776 claudo
1186 2745 1309 2774 tamen
1326 2741 1446 2774 omnia
1462 2744 1498 2773 et
1513 2741 1614 2782 signo
1630 2740 1697 2772 hoc
1713 2748 1892 2780 responso,
1912 2739 2000 2771 mihi

412 2813 483 2836 uon
500 2804 637 2844 liquere.

468 2859 482 2880 4
496 2859 561 2890 We
585 2867 674 2889 even
697 2855 772 2888 find
800 2858 822 2874 “
836 2854 1034 2894 Quinctil.’'
1062 2852 1177 2885 added
1201 2855 1238 2884 to
1261 2852 1321 2883 the
1346 2851 1423 2883 title
1447 2850 1485 2882 of
1512 2859 1577 2882 our
1601 2849 1745 2882 treatise
1770 2849 1807 2880 in
1831 2849 1892 2881 the
1917 2849 1994 2881 cod.

413 2912 703 2946 Vindobonensis
726 2911 802 2951 351,
821 2910 886 2942 but
909 2910 957 2950 by
974 2918 995 2941 a
1018 2907 1185 2940 different
1207 2906 1304 2939 hand
1328 2906 1400 2938 and
1423 2905 1460 2937 in
1484 2904 1650 2937 different
1674 2904 1746 2936 ink.
1797 2904 1872 2936 The
1892 2912 1999 2935 name
