2262 3224
454 239 519 282 lvi
1060 249 1434 286 PROLEGOMENA.

454 365 669 416 egregium
698 369 866 417 poetam
894 365 975 415 vel,
1007 364 1043 404 si
1074 365 1151 405 hoc
1180 366 1522 408 honorificentius
1553 372 1629 419 est,
1660 370 2042 421 praeclarissimum

453 435 594 470 vatem
633 432 685 470 12
703 437 741 469 11
764 431 872 470 felix
891 431 999 470 illud
1020 435 1074 480 et,
1095 436 1143 470 ut
1162 445 1276 471 more
1297 437 1440 472 nostro
1459 434 1617 486 loquar,
1640 448 1810 475 aureum
1830 437 2042 476 saeculum

454 498 507 536 12
526 504 564 536 17
587 498 756 548 Orphea
776 501 818 536 et
839 497 993 536 Linum
1015 510 1072 546 ac,
1092 498 1128 536 si
1150 497 1424 549 introspicere
1444 500 1571 540 altius
1591 502 1710 550 velis,
1728 503 2043 554 Apollinem.—

455 564 504 603 G.
526 564 552 602 2
582 564 797 603 inmensus
828 564 952 612 ultra,
974 569 1105 615 utque
1136 564 1196 604 sic
1226 565 1406 604 dixerim
1432 567 1631 607 adversus
1657 569 1843 608 Oceanus
1882 570 1935 609 33
1956 582 2042 608 non

453 630 580 669 armis
607 630 788 681 telisque
818 630 1032 679 Romanis,
1057 631 1130 669 sed
1160 632 1272 682 quod
1300 632 1633 683 magnificentius
1663 638 1739 684 est,
1762 635 2041 675 oblectatione

453 696 668 747 oculisque
722 697 832 735 Ann.
865 698 887 735 I
918 698 970 736 13
1009 698 1146 751 [eum]
1183 711 1267 737 non
1305 698 1523 749 indignum
1557 704 1600 739 et
1633 700 1670 740 si
1704 713 1823 740 casus
1858 702 2040 751 daretur,

453 775 663 801 ausurum.
678 763 824 813 —Ag.
847 765 901 803 46
932 764 1210 803 admiratione
1232 796 1240 804 .
1264 795 1272 803 .
1296 795 1304 803 .
1328 769 1370 804 et
1397 765 1700 806 immortalibus
1726 767 1920 807 laudibus
1941 771 1983 806 et
2003 767 2040 807 si

452 832 605 868 natura
638 829 894 880 suppeditet,
932 830 1212 869 similitudine
1267 831 1314 870 G.
1337 832 1390 870 40
1423 832 1605 887 (Weink.
1637 833 1719 872 and
1748 834 1911 873 Jansen
1940 833 2038 885 12])

452 895 693 934 vehiculum
723 899 765 934 et
794 900 935 935 vestes
966 900 1019 945 et,
1052 897 1088 936 si
1118 898 1286 936 credere
1310 897 1429 947 velis,
1454 910 1608 937 numen
1637 898 1775 950 ipsum
1822 899 1877 938 H.
1896 899 1918 937 Ι
1939 900 1991 939 51
2007 900 2038 938 f.

452 961 559 1010 odio,
594 966 709 1000 metu
740 965 795 1011 et,
829 962 901 1001 ubi
931 963 1043 1002 vires
1077 976 1172 1002 suas
1205 967 1489 1014 respexerant,
1522 965 1745 1004 securitate
1793 966 1840 1003 II
1861 966 1913 1004 80
1941 966 2040 1004 dum

453 1028 668 1078 quaeritur
698 1031 876 1079 tempus,
899 1034 1026 1078 locus,
1050 1030 1242 1080 quodque
1263 1029 1308 1068 in
1329 1043 1372 1069 re
1392 1030 1470 1069 tali
1495 1030 1787 1070 difficillimum
1807 1035 1883 1080 est,
1905 1031 2041 1082 prima

451 1106 545 1132 vox,

506 1161 538 1198 b.
584 1161 669 1199 The
707 1161 959 1211 amplffyinq
995 1163 1150 1211 phrase
1188 1162 1225 1200 is
1264 1176 1290 1200 a
1328 1163 1514 1213 neyative
1556 1164 1699 1211 clause,
1743 1164 1950 1214 qenerally
1985 1176 2041 1203 ΕΤ

450 1239 622 1265 NULLUS
639 1241 647 1265 :
678 1239 710 1265 c.
731 1227 783 1265 12
801 1233 821 1264 8
842 1227 887 1265 111
907 1227 983 1266 illa
1003 1231 1120 1266 casta
1140 1231 1182 1266 et
1202 1228 1332 1267 nullis
1354 1232 1547 1268 contacta
1572 1229 1691 1268 vitiis
1718 1233 1886 1279 pectora
1922 1230 1975 1269 28
1995 1235 2039 1268 24

451 1292 614 1332 sincera
633 1296 676 1332 et
696 1293 862 1343 integra
882 1297 925 1332 et
945 1294 1075 1332 nullis
1096 1294 1377 1345 pravitatibus
1399 1325 1407 1333 .
1427 1325 1435 1333 .
1455 1325 1463 1333 .
1486 1296 1650 1334 detorta
1668 1296 1969 1346 natura—Ag.
1985 1297 2038 1336 16

450 1359 650 1398 innocens
680 1360 866 1398 Bolanus
897 1363 939 1399 et
968 1360 1098 1399 nullis
1129 1361 1297 1400 delictis
1327 1361 1489 1400 invisus
1536 1363 1583 1401 G.
1600 1362 1651 1401 10
1672 1361 1840 1400 candidi
1860 1365 1903 1400 et
1921 1362 2039 1401 nullo

450 1425 619 1464 mortali
651 1438 775 1476 opere
808 1426 991 1465 contacti
1048 1427 1100 1465 28
1134 1427 1391 1478 promiscuas
1424 1428 1560 1466 adhuc
1592 1431 1634 1466 et
1667 1428 1785 1466 nulla
1817 1440 2038 1477 regnorum

449 1492 641 1542 potentia
679 1492 837 1531 divisas
901 1493 957 1531 H.
989 1493 1052 1532 IV
1081 1494 1134 1530 42
1170 1493 1360 1543 ignotum
1400 1493 1535 1532 adhuc
1574 1493 1788 1543 ingenium
1827 1497 1870 1532 et
1906 1494 2038 1533 nullis

450 1558 766 1597 defensionibus
807 1562 1027 1609 expertum
1090 1558 1199 1597 Ann.
1232 1560 1279 1597 ΙΙ
1311 1560 1364 1598 25
1403 1559 1583 1598 invictos
1624 1563 1666 1598 et
1704 1559 1833 1598 nullis
1872 1560 2036 1599 casibus

449 1624 709 1675 superabiles
740 1625 950 1663 Romanos
999 1625 1071 1662 III
1091 1626 1145 1664 37
1166 1625 1279 1663 solus
1301 1629 1343 1664 et
1362 1625 1492 1664 nullis
1514 1625 1801 1676 voluptatibus
1826 1629 2034 1664 avocatus.

505 1704 535 1729 e.
572 1691 655 1729 The
676 1691 756 1729 last
775 1692 946 1729 member
957 1692 1155 1741 preceded
1174 1692 1222 1741 by
1240 1704 1294 1729 ET
1314 1703 1522 1730 TANTUM:
1555 1704 1587 1730 c.
1611 1693 1635 1730 6
1658 1697 1699 1728 19
1719 1691 1795 1730 illa
1814 1692 2039 1731 secretiora

449 1760 492 1795 et
520 1760 686 1795 tantum
716 1756 821 1807 ipsis
852 1757 1067 1795 orantibus
1098 1760 1198 1795 nota
1238 1757 1285 1796 G.
1308 1758 1334 1795 4
1359 1757 1488 1812 (cited
1508 1769 1552 1796 as
1575 1758 1628 1795 H.
1652 1758 1715 1797 IV
1735 1757 1765 1795 f.
1797 1757 1853 1808 by
1872 1757 1988 1796 ka.
2005 1757 2034 1810 1)

449 1835 601 1873 magna
620 1835 794 1874 corpora
814 1826 856 1862 et
875 1826 1041 1862 tantum
1063 1823 1116 1862 ad
1136 1823 1340 1874 impetum
1360 1823 1503 1862 valida
1544 1824 1597 1862 29
1628 1823 1812 1874 exempti
1841 1823 2037 1862 oneribus

451 1920 459 1928 .
483 1919 492 1927 .
515 1919 523 1928 .
546 1893 588 1928 et
617 1892 783 1928 tantum
813 1889 858 1927 in
886 1902 1009 1928 usum
1038 1889 1293 1939 proeliorum
1323 1889 1498 1940 sepositi
1549 1890 1604 1928 H.
1623 1890 1670 1927 II
1690 1890 1743 1928 45
1765 1889 1973 1940 expeditis
1994 1894 2038 1928 et

450 1959 616 1994 tantum
645 1956 699 1994 ad
727 1955 934 2006 proelium
963 1955 1267 2005 egressis—or
1292 1957 1340 2005 by
1367 1968 1421 1993 ΕΤ
1451 1968 1607 1994 CETERI
1655 1967 1687 1993 c.
1710 1956 1762 1993 21
1783 1962 1826 1993 25
1847 1955 2036 1995 Caesaris

450 2034 526 2072 pro
546 2022 676 2060 Decio
700 2021 886 2060 Samnite
907 2025 979 2060 aut
999 2021 1123 2060 Bruti
1144 2034 1219 2071 pro
1239 2021 1439 2060 Deiotaro
1454 2034 1550 2071 rege
1566 2025 1808 2071 ceterosque
1826 2051 1834 2059 .
1853 2051 1862 2059 .
1879 2051 1889 2076 Ι.
1907 2021 2036 2060 libros

450 2088 503 2126 25
519 2093 561 2125 27
583 2090 625 2125 et
644 2087 777 2125 livore
798 2090 840 2125 et
860 2087 1010 2125 ceteris
1032 2117 1040 2125 .
1064 2117 1072 2125 .
1096 2117 1104 2125 .
1123 2086 1242 2125 vitiis
1263 2087 1386 2125 adfici
1425 2088 1477 2126 37
1491 2093 1530 2124 11
1553 2086 1755 2125 Lentulos
1777 2090 1819 2125 et
1839 2087 2036 2125 Metellos

452 2183 459 2191 .
484 2184 491 2191 .
516 2184 524 2191 .
548 2157 728 2192 ceteram
762 2165 981 2204 procerum
1013 2165 1181 2191 manum
1239 2152 1316 2202 Ag.
1341 2153 1392 2191 12
1423 2153 1556 2191 oleam
1586 2153 1797 2203 vitemque
1828 2156 1870 2191 et
1899 2156 2039 2192 cetera

452 2250 459 2257 .
484 2250 491 2257 .
517 2249 525 2257 .
549 2222 668 2258 sueta
715 2219 767 2258 32
787 2219 948 2257 tributa
968 2222 1010 2257 et
1030 2219 1203 2257 metalla
1232 2222 1274 2257 et
1301 2222 1462 2257 ceterae
1484 2249 1492 2256 .
1516 2249 1524 2257 .
1549 2249 1557 2256 .
1579 2231 1736 2269 poenae
1784 2218 1840 2256 H.
1863 2219 1886 2256 I
1906 2219 1959 2256 22
1989 2219 2037 2257 II

452 2286 515 2323 16.
539 2285 590 2324 71
631 2285 703 2323 ΙΙΙ
724 2286 788 2323 20.
811 2286 864 2324 49
904 2285 966 2324 IV
987 2285 1103 2324 5.10.
1123 2285 1186 2322 14.
1205 2285 1270 2323 26.
1290 2285 1353 2323 71.
1373 2285 1425 2323 74
1456 2285 1495 2324 V
1515 2285 1578 2323 17.
1602 2285 1654 2323 25
1694 2284 1803 2322 Ann.
1822 2285 1844 2322 I
1866 2286 1890 2323 7
1921 2285 1967 2322 II
1984 2285 2038 2324 73

451 2351 515 2390 IV
534 2352 570 2390 6.
594 2352 630 2390 9.
650 2351 701 2389 71
737 2351 803 2389 XI
825 2352 860 2389 6.
881 2351 934 2389 30
969 2351 1060 2389 XII
1081 2351 1134 2389 46
1174 2351 1289 2389 XIII
1310 2351 1335 2389 6
1373 2351 1480 2389 XIV
1499 2351 1524 2389 3
1563 2351 1645 2389 XV
1665 2351 1728 2389 53.
1752 2351 1805 2389 55
1843 2351 1949 2390 XVI
1969 2350 2036 2399 26,

451 2416 629 2455 ‘omnia'
647 2429 692 2455 or
709 2416 828 2455 ‘alia'
846 2416 965 2455 often
984 2416 1134 2466 taking
1152 2416 1224 2454 the
1246 2416 1364 2466 place
1385 2416 1431 2455 of
1450 2415 1625 2455 ‘cetera'
1647 2416 1692 2454 in
1711 2416 1784 2454 the
1805 2415 2039 2454 Annals.—

452 2497 497 2521 or
515 2484 563 2533 by
582 2497 609 2520 a
629 2494 849 2521 RELATIVE
870 2494 1104 2521 PRONOUN:
1145 2495 1176 2521 c.
1201 2482 1253 2521 10
1276 2488 1317 2520 15
1347 2482 1652 2520 iucunditatem
1682 2485 1724 2520 et
1746 2513 1754 2521 .
1778 2512 1786 2520 .
1810 2512 1818 2520 .
1840 2482 2037 2521 lascivias

452 2552 494 2587 et
515 2579 523 2587 .
547 2579 555 2587 .
580 2579 587 2587 .
610 2549 727 2587 lusus
749 2552 791 2587 et
813 2561 1101 2599 quamcunque
1123 2548 1249 2586 aliam
1270 2548 1451 2598 speciem
1491 2548 1542 2586 15
1565 2554 1606 2585 15
1631 2547 1802 2586 Nicetes
1824 2551 1866 2586 et
1887 2547 1923 2586 si
1943 2547 2037 2598 quis

452 2614 559 2653 alius
599 2615 650 2653 18
669 2621 689 2652 3
711 2615 868 2654 Galbae
889 2618 963 2653 aut
984 2615 1027 2654 C.
1052 2614 1232 2653 Carboni
1252 2626 1439 2664 quosque
1461 2613 1565 2652 alios
1605 2614 1657 2652 19
1680 2620 1719 2651 11
1746 2614 1874 2652 series
1900 2617 1942 2652 et
1963 2643 1971 2651 .
1995 2643 2003 2651 .
2027 2643 2035 2652 .

452 2680 678 2719 ostentatio
699 2684 741 2719 et
758 2711 766 2718 .
785 2710 793 2718 .
814 2711 821 2718 .
842 2681 994 2730 gradus
1015 2683 1057 2718 et
1078 2679 1284 2730 quidquid
1303 2679 1420 2718 aliud
1467 2680 1518 2717 21
1537 2685 1557 2716 3
1582 2679 1735 2718 Canuti
1754 2683 1827 2718 aut
1847 2678 1942 2718 Atti
1963 2709 1971 2717 .
1995 2709 2003 2717 .
2027 2709 2035 2717 .

452 2759 637 2796 quosque
662 2746 766 2784 alios
807 2747 859 2784 25
878 2753 898 2784 5
926 2746 1014 2784 sive
1044 2746 1140 2784 illos
1171 2746 1366 2796 antiquos
1398 2745 1485 2784 sive
1516 2745 1693 2783 maiores
1724 2745 1813 2784 sive
1843 2758 1924 2796 quo
1954 2745 2038 2783 alio

452 2812 613 2851 mavult
642 2812 810 2850 nomine
859 2813 911 2850 35
938 2818 979 2849 18
1006 2811 1192 2862 praemia
1221 2815 1293 2850 aut
1314 2842 1322 2849 .
1347 2841 1355 2849 .
1379 2841 1387 2849 .
1411 2811 1636 2849 electiones
1667 2814 1738 2849 aut
1760 2841 1768 2849 .
1792 2841 1800 2849 .
1824 2841 1832 2849 .
1855 2811 2039 2850 remedia

452 2881 525 2915 aut
555 2877 716 2916 incesta
736 2907 744 2916 .
768 2908 776 2915 .
802 2908 809 2915 .
833 2881 906 2916 aut
935 2877 1143 2928 quidquid
1171 2876 1341 2916 aliud112
1388 2877 1442 2915 H.
1476 2877 1497 2915 I
1529 2878 1581 2916 63
1611 2877 1781 2915 feminis
1814 2876 2038 2927 puerisque

750 2965 793 2986 11²
809 2966 922 2997 These
938 2974 1103 3006 passages
1119 2974 1179 2997 are
1197 2965 1346 2997 omitted
1364 2965 1401 2996 in
1418 2964 1655 2996 Weinkauff's
1672 2964 1739 2996 list.
