2262 3224
633 217 881 251 DIALOGUS
912 218 979 251 DE
1012 217 1336 252 ORATORIBUS.
1733 206 1790 247 19

244 331 316 380 16.
382 333 641 392 ‘Magnam'
675 335 829 391 inquit
858 334 1093 378 Secundus
1124 333 1192 377 ‘et
1220 333 1404 392 dignam
1434 338 1628 376 tractatu
1662 349 1793 390 quae-

182 417 376 461 stionem
396 417 590 461 movisti.
654 417 734 461 sed
756 418 856 474 quis
879 433 977 461 eam
1005 399 1170 461 iustius
1203 417 1447 474 explicabit
1479 432 1614 473 quam
1647 422 1712 467 tu,
1736 417 1793 459 ad

183 500 314 544 cuius
345 515 566 544 summam
586 501 887 544 eruditionem
909 507 956 545 et
976 502 1408 558 praestantissimum
1430 502 1665 558 ingenium
1687 515 1794 543 cura

183 600 366 642 quoque
387 591 435 630 et
455 586 688 630 meditatio
710 586 896 629 accessit
909 586 926 627 ?
939 585 949 603 '

246 670 310 713 Et
334 670 545 714 Messalla
577 669 815 726 ‘aperiam'
850 670 1003 726 inquit
1034 669 1350 727 ‘cogitationes
1383 683 1516 720 meas,
1550 669 1588 711 si
1620 668 1737 710 illud
1768 683 1794 710 a
1839 677 1860 709 5

182 753 310 797 vobis
331 758 435 796 ante
457 754 767 810 impetravero,
792 760 846 795 ut
867 768 946 796 vos
969 767 1151 809 quoque
1174 767 1424 796 sermonem
1445 753 1567 795 hunc
1590 758 1794 795 nostrum

182 836 436 882 adiuvetis!

246 921 359 964 ‘Pro
391 920 590 963 duobus'
626 921 779 977 inquit
807 921 1042 963 Maternus
1066 920 1318 977 ‘promittoz
1353 935 1457 962 nam
1479 926 1526 963 et
1547 935 1630 978 ego
1653 926 1699 963 et
1722 920 1796 962 Se-

184 1004 360 1048 cundus
382 1019 682 1061 exsequemur
703 1019 775 1047 eas
798 1009 946 1060 partes
976 1019 1087 1060 quas
1117 1005 1474 1047 intellexerimus
1507 1009 1551 1047 te
1582 1019 1672 1046 non
1702 1009 1795 1046 tam

184 1089 383 1131 omisisse
413 1102 549 1145 quam
581 1088 708 1131 nobis
740 1089 988 1144 reliquisse.
1054 1088 1233 1144 Aprum
1255 1089 1376 1131 enim
1397 1089 1536 1131 solere
1560 1088 1793 1131 dissentire
1820 1101 1861 1132 10

184 1177 232 1215 et
262 1177 316 1215 tu
347 1172 483 1228 paulo
513 1177 616 1214 ante
641 1171 797 1214 dixisti
819 1176 866 1214 et
886 1172 980 1227 ipse
1003 1172 1110 1214 satis
1133 1171 1398 1214 manifestus
1421 1177 1489 1214 est
1510 1172 1599 1213 iam
1621 1171 1795 1213 dudum

183 1256 232 1298 in
264 1256 538 1300 contrarium
570 1256 744 1312 accingi
776 1270 858 1298 nec
891 1269 1035 1311 aequo
1067 1256 1215 1297 animo
1244 1255 1439 1311 perferre
1462 1255 1576 1297 hanc
1599 1261 1796 1298 nostram

184 1354 264 1396 pro
286 1339 578 1396 antiquorum
599 1339 732 1382 laude
755 1338 1064 1382 concordiam?

247 1422 312 1465 ‘N
314 1438 373 1466 on
399 1422 542 1466 enim’
570 1423 724 1479 inquit
744 1423 871 1478 Aper
893 1422 1171 1465 ‘inauditum
1197 1428 1244 1465 et
1260 1423 1547 1466 indefensum
1564 1424 1795 1466 saeculum
1818 1435 1951 1476 Aper’s
1968 1436 2049 1469 Sec-

185 1512 390 1550 nostrum
431 1508 577 1564 patiar
617 1507 700 1549 hac
744 1512 892 1550 vestra
935 1507 1262 1562 conspiratione
1307 1507 1534 1549 damnari:
1590 1507 1670 1550 sed
1711 1508 1794 1550 hoc
1819 1480 2061 1566 ssssdffgffifflg’

185 1592 382 1648 primum
417 1591 714 1648 interrogabo,
781 1605 893 1647 quos
931 1591 1100 1633 vocetis
1135 1592 1360 1647 antiquos,
1398 1606 1535 1647 quam
1569 1597 1796 1634 oratorum
1820 1569 1858 1601 of
1874 1570 2082 1611 ‘antiquus’

186 1679 380 1728 aetatem
404 1674 732 1733 significatione
762 1675 849 1717 ista
885 1674 1204 1717 determinetis.
1271 1690 1354 1732 ego
1385 1676 1504 1718 enim
1527 1690 1630 1718 cum
1660 1676 1795 1718 audio

185 1759 410 1816 antiquos,
435 1758 653 1815 quosdam
674 1763 847 1802 veteres
871 1763 917 1801 et
946 1759 1054 1801 olim
1082 1764 1210 1801 natos
1237 1759 1467 1816 intellego,
1504 1765 1550 1802 et
1570 1760 1681 1801 mihi
1703 1775 1797 1803 ver-

186 1848 344 1887 santur
364 1848 468 1886 ante
498 1843 652 1885 oculos
681 1843 841 1886 Ulixes
864 1857 914 1885 ac
937 1843 1101 1885 Nestor
1126 1858 1319 1898 quorum
1346 1848 1465 1886 aetas
1488 1845 1612 1886 mille
1635 1844 1726 1887 fere
1750 1850 1796 1887 et

187 1927 399 1971 trecentis
418 1927 547 1969 annis
568 1927 799 1970 saeculum
821 1931 1025 1969 nostrum
1058 1927 1310 1969 antecedit:
1346 1942 1426 1970 vos
1459 1933 1611 1970 autem
1635 1928 1797 1971 Demo·
1819 1944 1862 1976 20

188 2011 393 2055 sthenem
415 2015 462 2054 et
483 2010 762 2068 Hyperidem
793 2010 1002 2066 profertis
1033 2025 1145 2066 quos
1178 2011 1284 2053 satis
1318 2016 1494 2053 constat
1516 2012 1717 2068 Philippi
1750 2018 1797 2055 et

187 2094 440 2138 Alexandri
461 2094 735 2151 temporibus
753 2093 969 2144 floruisse,
990 2095 1054 2136 ita
1076 2099 1226 2137 tamen
1248 2100 1301 2137 ut
1323 2094 1421 2137 huie
1442 2097 1623 2151 utrique
1646 2111 1798 2152 super-

187 2180 315 2222 stites
338 2183 499 2222 essent.
564 2193 620 2220 ex
643 2193 734 2234 quo
756 2183 940 2234 apparet
961 2192 1051 2220 non
1073 2179 1219 2220 multo
1241 2179 1392 2234 plures
1416 2194 1550 2235 quam
1573 2185 1795 2222 trecentos

188 2277 327 2305 annos
356 2263 570 2304 interesse
603 2262 721 2304 inter
752 2267 948 2304 nostram
979 2267 1024 2304 et
1054 2262 1370 2305 Demosthenis
1403 2268 1608 2305 aetatem.
1674 2264 1796 2319 quod

187 2347 385 2403 spatium
401 2345 613 2401 temporis
635 2346 674 2387 si
696 2344 753 2387 ad
769 2345 1076 2388 infirmitatem
1093 2360 1328 2402 corporum
1345 2352 1599 2388 nostrorum
1616 2347 1792 2396 referas,
1818 2363 1862 2394 25

187 2429 374 2472 fortasse
406 2429 595 2486 longum
627 2428 865 2479 videatur3
901 2429 938 2471 si
968 2428 1025 2470 ad
1051 2434 1258 2471 naturam
1279 2431 1559 2472 saeculorum
1581 2445 1630 2473 ac
1653 2446 1797 2486 respe-

236 2547 302 2588 16,
361 2548 382 2579 2
410 2546 764 2586 movisti—Lipsius
795 2545 1044 2578 movistis—‹2›
1075 2546 1409 2587 explicavit—BV.
1471 2548 1491 2579 5
1522 2548 1793 2589 cognitiones-—

187 2603 266 2636 EV.
315 2602 478 2634 si—om.
507 2601 645 2635 ACDV
671 2601 888 2644 (measillud)
914 2610 1024 2641 supra
1045 2611 1075 2635 υ.
1100 2603 1142 2635 Ε.
1170 2602 1393 2634 istud—AB
1411 2603 1478 2635 Ms.
1531 2604 1569 2635 11
1592 2603 1707 2644 ipsum
1726 2630 1733 2637 .
1755 2630 1762 2638 .
1783 2630 1791 2638 .

187 2657 384 2691 manifestu
393 2677 438 2682 —
448 2658 489 2691 B.
533 2658 575 2690 15
591 2667 632 2690 ac
643 2677 688 2682 —
698 2658 739 2690 B.
784 2658 823 2689 17
843 2657 966 2689 ista—
975 2667 1040 2689 om.
1062 2658 1107 2691 D.
1152 2659 1192 2690 18
1211 2659 1435 2698 et—scripsi
1451 2667 1492 2691 ac
1502 2678 1547 2682 —
1557 2671 1591 2692 ω.
1644 2660 1684 2692 19
1702 2670 1742 2692 ac
1751 2681 1796 2685 -—

188 2747 255 2780 AB
281 2750 318 2780 et
327 2767 372 2771 —
382 2760 407 2779 ω
420 2701 560 2779 {ilggtlor
568 2766 613 2771 —
622 2747 657 2779 A
683 2748 865 2779 Menestor
874 2766 919 2770 —
930 2747 957 2780 C
983 2748 1144 2779 Mnestor
1153 2767 1198 2771 —
1209 2748 1252 2780 V.
1303 2748 1345 2779 20
1371 2747 1555 2780 antededit
1564 2768 1609 2772 —
1619 2749 1653 2780 D
1678 2750 1795 2782 caedit

186 2823 233 2828 —
242 2803 281 2837 C.
339 2805 380 2835 21
409 2803 600 2845 Hypericle
609 2823 654 2828 —-
663 2804 705 2837 B.
755 2803 947 2844 proferatis
956 2824 1000 2828 —
1010 2805 1051 2838 B.
1102 2806 1167 2837 22*
1182 2805 1265 2838 huic
1276 2826 1320 2830 —
1333 2806 1396 2838 ins.
1424 2805 1572 2846 Vahlen,
1592 2807 1651 2840 Bs.
1675 2806 1741 2849 [ita
1750 2828 1796 2832 —

188 2860 320 2903 essent]
333 2859 452 2891 —del.
479 2859 588 2892 Polle.
630 2859 695 2891 23*
716 2862 895 2892 trecentos
906 2873 980 2892 -ω
1002 2860 1070 2892 Ms.
1098 2860 1166 2900 Wf.
1196 2861 1692 2902 quadringentos—Lipsius,
1717 2864 1789 2896 rell.

188 2915 262 2947 edd.
321 2915 364 2946 25
392 2914 526 2947 inferas
535 2934 580 2939 —
590 2915 634 2947 D.
685 2915 728 2947 26
756 2914 899 2947 videtur
908 2935 952 2940 —
964 2915 1002 2950 C.
1060 2916 1123 2949 sed
1152 2916 1197 2949 ad
1207 2936 1252 2940 —
1262 2916 1449 2950 Baehrens.
1508 2918 1551 2950 29
1584 2918 1740 2950 siderum
1750 2939 1795 2943 —
