2262 3224
346 196 433 238 134
1048 211 1211 243 Norsss.

433 324 520 356 XIV
536 324 577 356 41
603 324 776 357 ultionem
793 325 956 358 elusurus
972 326 1044 358 and
1060 326 1212 367 perhaps
1228 335 1256 358 0.
1278 326 1320 358 33
1336 333 1353 359 9
1376 326 1493 359 forum
1516 327 1717 369 ingressuri,
1736 330 1854 363 where
1876 339 1937 364 see

432 383 525 411 note.
578 380 719 412 Vahlen
739 380 888 412 defends
905 381 964 412 the
989 381 1063 413 MS.
1084 381 1232 422 reading
1254 381 1302 422 by
1318 381 1444 423 taking
1463 383 1612 423 adeptus
1635 383 1672 415 in
1697 384 1757 416 the
1780 394 1881 418 sense
1898 386 1936 418 of

437 437 595 466 ‘summo
612 425 753 476 ingenio
771 444 811 467 ac
828 445 968 467 summa
983 435 1154 468 facultate
1171 436 1378 476 praeditus,'
1404 437 1470 469 but
1493 437 1640 478 adipisci
1661 447 1770 471 never
1784 440 1849 472 has
1863 441 1939 474 this

431 489 600 530 meaning
616 489 651 520 in
669 490 822 521 Tacitus.
876 490 939 522 See
957 491 1041 522 Lex.
1064 491 1145 522 Tac.
1166 500 1191 522 s.
1212 500 1244 523 v.

399 566 627 605 levioribus
653 567 866 606 subsistis:
898 567 960 606 Cf.
985 567 1057 605 the
1088 567 1250 606 similar
1277 580 1451 619 passage
1477 569 1521 607 in
1543 570 1683 615 Quint.
1707 571 1730 609 I
1749 585 1931 622 prooem.

341 632 394 670 20
425 644 521 669 nam
552 635 617 670 est
647 635 757 670 certe
783 632 945 683 aliquid
968 621 1256 672 consummata
1276 634 1517 685 eloquentia
1538 666 1545 674 .
1570 666 1577 674 .
1602 666 1609 674 .
1634 637 1762 676 altius
1791 641 1934 678 tamen

341 698 462 736 ibunt
494 697 566 748 qui
596 698 650 736 ad
679 711 840 737 summa
864 699 1056 737 nitentur
1081 712 1206 750 quam
1228 700 1300 750 qui
1321 730 1329 738 .
1354 731 1361 739 .
1386 731 1393 739 .
1417 701 1527 740 circa
1546 702 1632 741 ima
1651 703 1930 744 substiterint.

341 764 428 802 The
460 764 770 803 abandonment
790 765 836 803 of
863 765 936 804 the
966 765 1096 815 figure
1116 779 1202 804 was
1227 767 1430 818 probably
1450 768 1529 806 due
1550 772 1594 806 to
1614 769 1686 807 the
1707 771 1934 821 preceding

340 830 547 879 ‘summa,'
570 831 708 869 which
736 831 772 869 is
801 832 1045 882 equivalent
1065 835 1108 871 to
1130 832 1245 871 ‘mox
1267 845 1470 871 summam
1490 834 1754 885 eloquentiae
1775 836 1932 875 famam

339 897 516 947 adeptus
547 897 591 935 in
620 897 848 936 levioribus
880 898 1032 937 studiis
1066 902 1138 954 (sc.
1168 898 1361 951 poeticis)
1395 900 1601 939 subsistis.
1664 902 1726 941 Cf.
1750 915 1782 940 0.
1805 903 1857 941 28
1889 909 1929 940 11

340 975 444 1013 quae
471 966 542 1018 (sc.
565 962 688 1015 vitia)
712 967 832 1002 natos
855 995 862 1002 .
887 995 895 1003 .
920 994 928 1003 .
953 964 1169 1015 excipiunt
1190 968 1232 1003 et
1253 995 1260 1003 .
1285 995 1293 1004 .
1317 996 1325 1004 .
1350 966 1615 1005 cumulantur
1635 968 1687 1006 32
1707 975 1761 1006 20.

393 1029 444 1067 21
481 1032 529 1069 ut
554 1030 590 1068 si
616 1030 853 1069 esses=‘as
874 1030 922 1079 if,
942 1031 999 1081 by
1019 1044 1112 1082 way
1133 1031 1178 1069 of
1201 1032 1418 1082 example.'
1479 1033 1860 1084 Usually=quasi,
1883 1047 1932 1074 as

338 1094 382 1132 in
403 1107 434 1133 c.
459 1096 510 1134 10
536 1102 556 1133 9
586 1096 641 1134 Η.
665 1096 686 1134 Ι
707 1097 770 1135 32.
795 1097 847 1135 62
878 1096 987 1135 Ann.
1011 1097 1057 1134 II
1078 1098 1131 1135 20
1160 1098 1231 1135 III
1261 1099 1325 1137 46.
1387 1099 1438 1136 In
1467 1100 1560 1137 Tac.
1593 1100 1804 1151 regularly
1825 1101 1930 1139 with

338 1161 503 1212 imperf.
537 1175 582 1200 or
611 1162 792 1213 pluperf.
826 1163 932 1214 subj.
957 1163 1028 1213 Cp.
1052 1164 1123 1201 Dr.
1148 1164 1201 1201 Η.
1224 1163 1263 1202 S.
1288 1164 1334 1201 II
1356 1165 1712 1205 642.—ludicras
1729 1191 1739 1198 ·
1759 1191 1765 1198 ·
1788 1191 1795 1198 ·
1818 1169 1929 1206 artes

337 1240 550 1268 exercere:
583 1228 592 1244 ‘
606 1229 811 1267 Ludicrae
832 1229 970 1277 artes,’
996 1242 1041 1268 as
1063 1230 1228 1268 defined
1247 1230 1301 1281 by
1326 1231 1418 1269 Sen.
1441 1232 1517 1282 Ep.
1541 1232 1606 1280 88,
1628 1232 1694 1281 20,
1717 1245 1786 1271 are
1806 1233 1927 1272 those

338 1294 346 1309 ²
362 1307 467 1345 quae
498 1295 551 1333 ad
571 1295 832 1345 voluptatem
854 1295 1066 1334 oculorum
1097 1299 1222 1346 atque
1244 1296 1408 1335 aurium
1428 1298 1634 1345 tendunt‚'
1656 1298 1739 1336 and
1758 1311 1803 1337 as
1825 1299 1929 1338 such

337 1361 438 1411 they
460 1373 529 1399 are
551 1361 736 1411 opposed
755 1364 798 1399 to
821 1361 829 1377 ‘
844 1365 954 1400 artes
975 1361 1201 1400 honestae.'
1262 1362 1325 1402 Cf.
1349 1363 1436 1401 also
1468 1364 1560 1402 Tac.
1593 1363 1701 1402 Ann.
1734 1365 1841 1404 XIV
1860 1365 1926 1403 15.

336 1428 453 1466 More
475 1427 710 1478 commonly
732 1427 862 1466 ‘artes
884 1427 1089 1466 ludicrae'
1112 1428 1245 1466 refers
1268 1432 1312 1466 to
1335 1429 1406 1467 the
1438 1429 1580 1468 drama
1609 1442 1641 1468 6.
1666 1443 1701 1480 g.
1725 1431 1818 1469 Tac.
1841 1430 1867 1469 l.
1891 1444 1925 1470 0.

335 1493 505 1531 foedum
536 1493 722 1531 studium
758 1493 921 1532 cithara
953 1494 1162 1533 ludicrum
1196 1494 1241 1532 in
1275 1495 1442 1533 modum
1477 1508 1624 1534 canere
1654 1496 1752 1534 ibid.
1792 1497 1843 1536 16
1873 1510 1924 1536 116

333 1563 475 1597 tamen
495 1559 679 1598 ludicrae
701 1563 868 1598 tantum
898 1559 1162 1610 imperatoris
1188 1564 1259 1615 (sc.
1284 1561 1483 1612 Neronis)
1507 1565 1616 1600 artes
1647 1567 1923 1602 notescerent.

334 1626 435 1664 Hor.
468 1626 544 1676 Ep.
577 1626 624 1663 Π
654 1626 691 1674 1,
714 1626 794 1664 180
825 1626 916 1664 Liv.
939 1627 1026 1665 VII
1052 1627 1077 1664 2
1108 1626 1247 1672 Quint.
1273 1627 1344 1664 ΙΙΙ
1365 1628 1403 1673 6,
1426 1628 1477 1665 18
1499 1627 1529 1665 f.
1559 1631 1690 1666 artem
1721 1628 1925 1668 ludicram

333 1691 576 1730 exercuerit.

387 1758 440 1796 22
471 1758 691 1798 honestum
708 1761 789 1798 est:
817 1759 911 1797 Tac.
928 1758 1037 1797 Ann.
1057 1759 1163 1798 XIV
1183 1759 1234 1796 14
1247 1759 1351 1798 -16,
1367 1759 1420 1797 20
1434 1759 1463 1797 f.
1487 1759 1649 1798 reflects
1670 1760 1743 1799 the
1763 1760 1924 1811 typical

332 1824 495 1862 Roman
525 1824 644 1874 point
674 1824 720 1862 of
748 1824 867 1863 view.
928 1824 994 1863 On
1025 1824 1097 1862 the
1128 1824 1309 1863 attitude
1345 1825 1390 1863 of
1419 1825 1491 1863 the
1523 1825 1694 1874 Greeks,
1717 1826 1769 1865 cf.
1800 1827 1920 1866 Corn.

330 1891 486 1940 Nepos,
509 1890 647 1929 Praef.
680 1890 811 1929 Nulla
835 1890 1140 1929 Lacedaemoni
1159 1894 1246 1929 tam
1277 1895 1341 1929 est
1370 1891 1525 1930 nobilis
1548 1891 1674 1930 vidua
1703 1905 1807 1943 quae
1837 1906 1922 1932 non

331 1956 375 1994 in
410 1969 554 1994 cenam
589 1960 656 1995 eat
691 1957 879 1995 mercede
914 1957 1129 1995 conducta.
1204 1957 1371 2007 Magnis
1407 1957 1451 1995 in
1485 1957 1679 1996 laudibus
1713 1962 1804 1997 tota
1837 1958 1925 1998 fuit

331 2022 506 2061 Graecia
544 2022 745 2061 victorem
786 2022 1005 2073 Olympiae
1045 2021 1177 2061 citari.
1244 2023 1295 2061 In
1325 2036 1515 2062 scaenam
1546 2036 1643 2062 vero
1674 2024 1839 2074 prodire
1878 2028 1924 2064 et

329 2088 483 2139 populo
513 2101 603 2127 esse
636 2089 873 2139 spectaculo
905 2088 1064 2126 nemini
1095 2088 1139 2126 in
1167 2089 1300 2128 isdem
1322 2089 1515 2139 gentibus
1546 2089 1630 2128 fuit
1650 2090 1918 2140 turpitudini,

329 2167 433 2205 quae
470 2155 609 2193 omnia
642 2155 753 2205 apud
786 2167 861 2193 nos
897 2155 1052 2205 partim
1088 2155 1276 2204 infamia,
1313 2155 1467 2206 partim
1497 2156 1674 2195 humilia
1708 2159 1832 2207 atque
1868 2157 1920 2196 ab

328 2221 739 2259 honestate‘remota
768 2224 990 2271 ponuntur.
1052 2220 1106 2259 id.
1139 2222 1284 2271 Epam.
1308 2222 1331 2260 1
1364 2221 1516 2260 scimus
1547 2222 1733 2261 musicen
1763 2223 1918 2262 nostris

327 2286 511 2325 moribus
544 2287 686 2325 abesse
719 2299 744 2325 a
772 2286 975 2337 principis
1010 2299 1215 2337 persona3
1253 2288 1404 2326 saltare
1434 2301 1544 2337 vero,
1566 2289 1692 2327 etiam
1725 2289 1769 2327 in
1801 2289 1919 2328 vitiis

327 2353 426 2402 poni
449 2368 456 2391 ε
489 2366 593 2403 quae
615 2352 754 2391 omnia
775 2353 886 2403 apud
909 2354 1088 2392 Graecos
1112 2357 1153 2392 et
1184 2354 1320 2404 gratia
1340 2358 1382 2393 et
1405 2354 1527 2393 laude
1549 2355 1677 2405 digna
1696 2355 1915 2394 ducuntur.

327 2419 410 2457 Cic.
434 2420 554 2457 Tusc.
577 2418 695 2469 Disp.
730 2419 752 2456 Ι
781 2419 818 2466 2,
842 2420 867 2456 4
897 2432 951 2457 an
983 2432 1210 2468 censemus,
1243 2420 1279 2458 si
1309 2421 1437 2459 Fabio
1467 2421 1726 2459 nobilissimo
1757 2421 1917 2460 homini

326 2484 440 2522 laudi
462 2485 605 2522 datum
626 2488 736 2523 esset
751 2486 862 2536 quod
884 2487 1090 2537 pingeret,
1107 2500 1190 2525 non
1211 2488 1364 2526 multos
1381 2488 1508 2526 etiam
1524 2488 1635 2538 apud
1654 2501 1729 2526 nos
1751 2487 1917 2527 futuros

326 2550 555 2600 Polyclitos
576 2554 619 2589 et
639 2552 884 2592 Parrhasios
910 2554 1041 2592 fuisse
1062 2555 1082 2592 ’.Ρ
1113 2555 1258 2593 Honos
1280 2555 1356 2593 alit
1383 2558 1506 2602 artes,
1529 2567 1754 2604 omnesque
1782 2554 1918 2593 incen-

326 2616 482 2654 duntur
513 2617 565 2654 ad
597 2619 737 2657 studia
764 2620 907 2669 gloria,
932 2620 1151 2671 iacentque
1183 2634 1231 2660 ea
1263 2634 1425 2672 semper
1455 2634 1559 2672 quae
1590 2622 1700 2671 apud
1730 2634 1915 2672 quosque

326 2682 615 2732 improbantur
647 2687 749 2725 Hor.
766 2688 842 2737 Ep.
863 2688 910 2725 II
932 2688 968 2735 1,
992 2689 1044 2726 93
1065 2688 1106 2726 ff.
1129 2692 1178 2726 ut
1205 2688 1384 2737 primum
1406 2687 1555 2738 positis
1571 2687 1718 2736 nugari
1741 2687 1920 2727 Graecia

325 2749 448 2788 bellis
476 2751 480 2807 Ι
507 2753 643 2803 coepit
666 2758 707 2792 et
728 2755 772 2792 in
793 2754 945 2793 vitium
966 2754 1137 2792 fortuna
1166 2753 1298 2791 labier
1319 2765 1460 2803 aequa.
1491 2751 1495 2806 Ι
1521 2765 1630 2791 nunc
1661 2752 1914 2791 athletarum

327 2819 490 2865 studiis,
514 2832 622 2858 nunc
657 2820 760 2858 arsit
794 2833 1004 2870 equorum,
1028 2818 1245 2857 marmoris
1277 2822 1349 2857 aut
1380 2818 1515 2856 eboris
1545 2818 1685 2856 fabros
1708 2821 1780 2856 aut
1807 2818 1918 2856 aeris

327 2884 496 2933 amavit,
526 2883 532 2938 Ι
559 2885 780 2935 suspendit
810 2885 923 2935 picta
942 2884 1103 2923 voltum
1133 2887 1397 2934 mentemque
1426 2883 1583 2922 tabella
1609 2883 1613 2938 Ι
1640 2896 1748 2922 1111110
1778 2883 1915 2921 tibici—
