2262 3224
420 208 505 250 200
1121 224 1284 257 NOTEs.

552 337 751 378 Quintilian
777 338 887 379 styles
913 339 973 371 the
1001 347 1099 372 same
1127 339 1302 372 Corvinus
1328 340 1430 372 twice
1462 341 1595 372 nitidus
1625 340 1656 383 (Ι
1681 341 1711 380 7,
1738 341 1780 372 35
1807 341 1838 373 X
1866 341 1895 381 1,
1923 340 2001 385 113)

506 393 622 425 which
651 394 833 426 Michaelis
859 394 1033 434 proposed
1061 397 1098 426 to
1124 395 1314 426 substitute
1345 395 1402 427 for
1432 395 1573 434 ‘mitis‚’
1607 396 1671 427 but
1689 396 1724 427 in
1755 395 1845 427 view
1875 395 1913 427 of
1941 395 2003 428 the

505 448 748 488 promiscuous
765 458 826 480 use
840 449 877 480 of
893 449 991 480 these
1004 449 1194 481 rhetorical
1207 450 1370 490 epithetis,
1387 450 1458 482 this
1471 450 1500 482 is
1513 454 1576 482 not
1592 450 1790 491 absolutely
1801 459 1999 492 necessary.

472 536 524 573 12
556 536 808 584 elaboratus,
840 537 886 574 of
905 549 1091 587 persons,
1114 536 1150 575 is
1172 538 1423 588 apparently
1444 538 1575 576 found
1605 538 1704 588 only
1725 538 1823 576 here
1854 539 1937 577 and
1956 537 2002 576 in

415 600 499 639 late
531 601 658 640 Latin
688 615 720 640 e.
744 616 780 652 g.
804 603 932 641 Macr.
958 603 1042 641 Sat.
1076 603 1147 641 III
1179 603 1242 652 13,
1266 604 1290 642 5
1321 616 1414 642 cum
1443 603 1654 642 incederet
1684 604 1919 643 elaboratus
1949 604 2003 643 ad

415 668 749 718 speciem.—Cf.
775 669 866 707 Sen.
891 669 1031 708 Contr.
1056 669 1103 707 II
1134 669 1198 718 12,
1231 669 1255 708 8
1286 669 1370 707 fuit
1391 670 1593 708 Messalla
1613 669 1871 708 exactissimi
1891 669 2003 720 inge-

414 733 475 771 nii
497 734 666 784 quidem
687 733 731 772 in
752 734 865 772 omni
886 735 1121 773 studiorum
1142 738 1273 786 parte,
1297 735 1439 773 Latini
1459 735 1605 786 utique
1636 735 1838 774 sermonis
1868 735 2004 774 obser-

415 804 534 837 vator
569 799 919 850 diligentissimus
951 801 1033 839 and
1060 804 1157 839 note
1179 814 1211 840 c.
1234 801 1285 838 21
1308 802 1743 841 37.—disertissimus
1773 814 1826 840 sc.
1859 801 2000 841 fuerit.

414 865 501 903 The
524 865 687 916 ellipsis
709 866 755 904 of
774 879 799 905 a
819 866 1086 917 subjunctive
1107 867 1153 905 of
1173 866 1307 905 ‘esse'
1336 866 1381 904 in
1402 866 1581 906 indirect
1602 868 1818 918 questions
1840 867 1876 906 is
1898 880 2004 906 com-

414 945 521 980 mon,
544 932 620 970 but
640 932 712 971 the
743 933 849 983 perf.
882 933 988 984 subj.
1012 933 1047 971 is
1070 946 1172 984 very
1203 933 1341 984 rarely
1370 933 1558 972 omitted.
1619 934 1682 973 Cf.
1705 934 1828 983 Verg.
1851 933 1956 972 Aen.
1978 934 2002 973 I

412 998 493 1037 517
516 998 786 1048 speculantur
806 998 962 1047 amicti,
977 998 981 1054 Ι
995 1012 1100 1049 quae
1122 999 1294 1037 fortuna
1313 999 1408 1048 viri,
1426 999 1563 1038 where
1583 1012 1645 1038 we
1667 1012 1774 1051 may,
1796 1000 2002 1049 however,

413 1067 501 1105 also
524 1066 679 1118 supply
698 1067 753 1105 sit
810 1067 893 1107 Cic.
918 1067 968 1106 de
992 1067 1074 1106 div.
1094 1067 1141 1105 ΙΙ
1159 1068 1223 1116 68,
1239 1068 1318 1105 141
1336 1080 1488 1118 quaero
1508 1071 1648 1106 autem
1668 1080 1740 1106 cur
1761 1067 2002 1106 Alexandro

411 1136 499 1171 tam
530 1133 708 1171 inlustre
739 1133 946 1172 somnium
1019 1135 1112 1172 Tac.
1146 1133 1255 1172 Ann.
1287 1134 1352 1172 XI
1383 1134 1436 1172 35
1476 1137 1566 1172 tum
1606 1133 1811 1184 quidquid
1841 1133 2002 1172 avitum

412 1199 650 1238 Neronibus
682 1203 724 1238 et
754 1199 905 1238 Drusis
930 1203 1002 1255 (sc.
1027 1200 1176 1252 fuerit)
1200 1199 1244 1237 in
1274 1200 1456 1250 pretium
1477 1199 1618 1251 probri
1639 1200 1815 1238 cessisse
1845 1200 1928 1240 XV
1948 1201 2001 1239 49

412 1278 487 1304 nec
508 1269 651 1304 tamen
672 1265 797 1304 facile
818 1265 1148 1315 memoraverim,
1164 1266 1257 1316 quis
1279 1265 1438 1316 primus
1460 1270 1603 1305 auctor
1626 1269 1698 1321 (sc.
1721 1265 1870 1318 fuerit)
1884 1266 2001 1305 cuius

413 1331 617 1371 instinctu
651 1333 860 1371 concitum
882 1332 949 1370 sit.
1011 1333 1083 1383 Cp.
1114 1332 1158 1370 in
1190 1332 1370 1382 general,
1394 1333 1436 1372 C.
1465 1332 1657 1381 Wetzell‚
1690 1333 1754 1371 De
1784 1346 1862 1370 usu
1894 1333 2004 1371 verbi

412 1399 529 1436 subst.
558 1399 650 1438 Tac.
673 1411 711 1449 p.
736 1399 788 1436 48
802 1398 845 1438 ff.
878 1399 949 1436 Dr.
972 1399 1026 1436 H.
1054 1398 1092 1437 S.
1134 1398 1156 1436 Ι
1177 1399 1258 1436 204
1274 1398 1317 1436 ff.
1353 1398 1433 1437 Stil
1460 1412 1498 1449 p.
1523 1399 1585 1437 18.

469 1465 519 1503 13
551 1465 746 1504 interim:
784 1464 869 1502 ‘for
907 1465 980 1502 the
1021 1464 1495 1515 present.'—probasse
1519 1468 1757 1504 contentus:
1800 1471 2003 1504 contentus

412 1531 517 1568 with
551 1530 762 1569 infinitive
795 1530 831 1569 is
866 1530 958 1569 first
991 1531 1123 1569 found
1152 1530 1197 1568 in
1221 1530 1330 1569 Ovid
1353 1534 1403 1584 (e.
1428 1544 1464 1580 g.
1499 1531 1600 1568 Met.
1640 1531 1661 1568 Ι
1696 1532 1775 1569 461
1808 1531 1854 1568 II
1886 1531 2000 1582 638),

413 1597 581 1634 whence
618 1596 652 1634 it
687 1597 838 1647 passed
866 1596 955 1634 into
976 1609 1109 1647 prose,
1130 1596 1257 1646 being
1277 1596 1505 1647 especially
1526 1608 1714 1634 common
1736 1596 1779 1634 in
1800 1596 2000 1645 Velleius,

413 1663 485 1701 the
514 1666 597 1701 two
630 1663 806 1701 Senecas
837 1663 921 1701 and
950 1662 1198 1708 Quintilian.
1259 1663 1311 1700 In
1341 1662 1510 1700 Tacitus
1541 1662 1676 1712 again,
1702 1675 1734 1700 c.
1757 1663 1810 1701 23
1834 1669 1855 1700 6
1884 1663 1938 1701 26
1958 1669 2001 1700 28

413 1729 495 1767 and
526 1729 579 1767 H.
604 1729 625 1766 Ι
646 1730 699 1767 36
729 1742 812 1767 non
842 1728 1030 1767 contenti
1051 1759 1059 1767 .
1079 1758 1087 1767 .
1107 1759 1115 1767 .
1138 1728 1461 1767 circumdedisse
1486 1728 1681 1783 (omitted
1707 1729 1762 1779 by
1783 1729 1853 1766 Dr.
1878 1729 1932 1766 Η.
1959 1728 1998 1767 S.

414 1796 460 1833 II
481 1795 594 1846 379).
648 1795 816 1833 Similar
837 1795 1049 1846 examples
1071 1795 1116 1832 in
1137 1796 1230 1833 Tac.
1254 1795 1299 1833 of
1318 1794 1390 1833 the
1421 1807 1466 1833 so
1487 1794 1622 1833 called
1642 1795 1876 1845 perfectum
1901 1794 2003 1844 logi-

413 1874 506 1900 cum
537 1874 606 1900 are
638 1874 669 1900 c.
705 1861 756 1900 31
789 1867 831 1899 24
862 1861 1027 1900 dedisse
1049 1891 1057 1900 .
1083 1891 1120 1899 ..
1154 1861 1341 1912 proficiet
1389 1860 1466 1910 Ag.
1503 1862 1528 1899 3
1559 1860 1719 1911 pigebit
1740 1891 1748 1898 .
1773 1891 1780 1899 .
1806 1890 1813 1898 .
1840 1873 2003 1911 compo-

414 1927 546 1966 suisse
589 1928 636 1967 G.
659 1929 712 1966 43
742 1927 980 1966 nominasse
1012 1927 1189 1966 sufficiet
1238 1927 1293 1964 H.
1317 1927 1380 1966 IV
1401 1928 1452 1965 73
1482 1926 1631 1964 utilius
1662 1926 1717 1965 sit
1739 1957 1746 1964 .
1771 1957 1779 1964 .
1804 1956 1812 1965 .
1835 1926 2001 1965 audisse

413 2024 421 2032 .
456 2024 463 2032 .
499 2024 506 2032 .
546 1993 716 2032 dixisse.
749 1994 821 2044 Cp.
855 1994 928 2031 Dr.
966 1994 1019 2031 H.
1057 1992 1096 2032 S.
1129 1993 1151 2030 I
1185 1993 1438 2032 256.—non
1463 2004 1549 2032 esse
1582 2004 1712 2032 unum
1737 1993 2002 2043 eloquentiae

413 2061 601 2099 vultum:
635 2059 697 2099 Cf.
722 2059 862 2104 Quint.
884 2059 976 2097 XII
1007 2059 1071 2107 10,
1094 2060 1146 2098 69
1177 2059 1318 2109 plures
1344 2088 1352 2097 .
1377 2087 1385 2096 .
1409 2089 1417 2097 .
1450 2058 1714 2108 eloquentiae
1735 2058 1877 2097 facies.
1937 2058 2002 2097 On

413 2126 485 2164 the
506 2126 699 2175 thought,
722 2126 919 2176 repeated
937 2125 1043 2163 with
1072 2124 1273 2175 approval
1302 2124 1359 2175 by
1381 2124 1582 2162 Messalla
1605 2127 1653 2178 (c.
1677 2124 1729 2162 25
1755 2124 1807 2175 9),
1830 2123 1883 2162 cf.
1916 2124 1999 2164 Cic.

415 2192 465 2230 de
496 2195 596 2230 orat.
630 2192 701 2229 III
732 2193 769 2240 9,
792 2192 845 2230 34
878 2191 1008 2246 (cited
1037 2203 1069 2229 c.
1093 2191 1144 2229 18
1170 2191 1584 2242 8).—deprehendi:
1617 2189 1708 2228 ‘are
1730 2190 1887 2228 found.'
1948 2190 2001 2228 So

415 2270 447 2296 c.
471 2258 522 2296 30
544 2264 586 2295 20
607 2258 660 2296 32
683 2263 723 2294 14
754 2257 806 2295 In
827 2270 859 2296 c.
882 2258 907 2296 3
932 2256 1032 2294 3=‘
1057 2269 1170 2295 came
1202 2256 1340 2306 upon.⁷
1381 2256 1433 2293 In
1464 2255 1681 2306 post—Aug.
1714 2256 1897 2304 authors,
1928 2256 2001 2294 the

414 2324 529 2361 word
559 2323 594 2361 is
625 2323 860 2374 commonly
880 2323 985 2361 used
1014 2322 1281 2372 figuratively
1302 2322 1347 2359 in
1376 2322 1448 2360 the
1470 2334 1588 2360 sense
1621 2321 1666 2360 of
1706 2321 2000 2371 ‘intellegere,’

415 2402 515 2427 once
548 2389 592 2426 in
626 2389 708 2428 Cic.
743 2402 817 2440 pro
851 2388 960 2428 Cael.
993 2389 1018 2427 6
1049 2391 1130 2426 ext.
1190 2387 1431 2438 Especially
1452 2387 1648 2437 frequent
1679 2387 1723 2424 in
1753 2386 1999 2432 Quintilian.

416 2455 469 2492 In
499 2455 668 2493 Tacitus
691 2468 722 2493 c.
746 2455 797 2492 18
819 2460 861 2491 23
891 2455 944 2493 34
966 2460 1004 2491 17
1036 2454 1091 2491 H.
1114 2453 1177 2492 IV
1197 2454 1260 2491 86.
1323 2453 1399 2491 See
1420 2452 1610 2500 Bonnell,
1634 2453 1732 2490 Lex.
1756 2451 1895 2498 Quint.
1919 2452 2003 2491 and

417 2520 593 2558 Kleiber
613 2534 651 2570 p.
675 2521 738 2559 58.

473 2587 524 2624 15
556 2599 631 2626 nec
664 2587 809 2626 statim
842 2587 1024 2626 deterius
1050 2597 1136 2625 esse
1164 2586 1273 2636 quod
1297 2586 1508 2625 diversum
1533 2587 1613 2624 est:
1657 2585 1738 2622 For
1777 2597 1802 2622 a
1840 2583 2002 2622 similar

417 2652 656 2701 sentiment,
691 2652 743 2690 cf.
779 2652 862 2692 Cic.
900 2652 950 2690 de
983 2655 1085 2690 orat.
1120 2651 1167 2688 II
1206 2651 1271 2699 23,
1305 2651 1357 2689 94
1388 2650 1704 2698 Demosthenes,
1747 2649 2000 2700 Hyperides,

417 2719 644 2768 Lycurgus,
661 2718 903 2766 Aeschines,
920 2717 1154 2755 Dinarchus
1177 2747 1184 2755 .
1209 2747 1216 2755 .
1241 2747 1248 2754 .
1273 2716 1351 2754 etsi
1374 2716 1484 2754 inter
1505 2729 1547 2754 se
1569 2728 1689 2766 pares
1710 2728 1793 2753 non
1813 2715 1999 2764 fuerunt,

417 2787 558 2822 tamen
592 2796 733 2822 omnes
770 2787 868 2821 sunt
903 2783 948 2820 in
980 2783 1125 2821 eodem
1158 2782 1350 2820 veritatis
1384 2782 1612 2820 imitandae
1647 2794 1795 2831 genere
1831 2780 1999 2820 versati.

417 2850 534 2887 Brut.
559 2850 624 2898 56,
645 2849 726 2887 204
756 2852 880 2899 atque
911 2849 956 2886 in
984 2848 1051 2887 his
1081 2847 1314 2886 oratoribus
1345 2847 1451 2885 illud
1480 2847 1894 2885 animadvertendum
1923 2849 2000 2895 est,
