2262 3224
801 185 1181 220 PROLEGOMENA.
1724 174 1798 218 cix

501 302 534 336 k.
570 312 658 335 rosr
678 306 686 322 6
698 302 849 335 inferior
863 304 938 336 to':
963 306 1044 344 post
1064 303 1308 337 Gabinianum
1328 304 1393 347 (*c.
1412 303 1456 336 26
1471 303 1532 346 22).
1584 303 1649 336 See
1669 306 1678 322 6
1690 306 1774 335 ante
1786 303 1795 320 ’

568 359 692 391 above.

501 413 524 446 l.
570 423 740 447 raom-:n
763 423 803 447 as
825 423 848 447 a
870 414 992 447 causal
1015 415 1188 456 particle:
1221 415 1265 447 In
1288 415 1435 448 Tacitus
1459 414 1544 456 only
1568 415 1684 455 twice,
1707 414 1795 447 ‘ob'

567 469 677 511 being
705 470 795 503 used
826 470 978 503 instead.
1038 472 1190 512 Propter
1220 471 1507 513 magnitudinem
1538 470 1797 512 cogitationum

571 526 635 568 (ἢ).
656 526 698 558 21
715 526 776 568 2ο),
804 528 948 559 tantum
972 529 1121 568 propter
1139 526 1231 570 (‘for
1250 527 1313 560 the
1332 526 1418 560 sake
1435 526 1507 570 οἷ’)
1526 527 1707 559 Neronem
1724 550 1732 559 .
1754 550 1763 560 .
1784 550 1792 559 .

569 585 792 623 pugnaretur
810 582 870 625 (H.
892 582 910 614 I
932 582 1003 625 65).

386 636 451 692 (2)
503 637 615 676 With
644 637 818 676 ablativo
830 652 843 676 .·

500 705 534 729 a.
570 706 594 729 A
613 697 690 740 (ΑΒ)
709 697 798 729 with
817 700 825 716 ‘
838 697 982 730 audio':
1007 707 1029 730 a
1046 697 1157 731 Calvo
1172 697 1267 730 male
1283 698 1408 731 audire
1427 698 1492 741 (*0.
1514 697 1556 730 18
1571 698 1631 741 25).

500 751 529 785 b.
568 762 640 785 nx:
665 752 886 785 auditorium
904 777 912 785 .
934 777 942 785 .
964 778 972 785 .
992 762 1038 786 ex
1061 754 1193 786 invidis
1212 754 1277 796 (ῆι.
1297 754 1340 786 34
1357 754 1420 796 21);
1446 754 1483 786 in
1503 763 1525 786 a
1546 753 1664 787 modal
1679 762 1794 794 sense,

567 817 614 840 ex
630 809 900 849 comparatione
919 810 984 851 (*c.
1005 809 1048 841 23
1065 810 1110 852 9),
1130 819 1175 841 ex
1191 809 1472 851 interrogatione
1493 810 1569 842 eius
1587 810 1630 853 (c.
1651 809 1695 842 39
1711 811 1770 853 11).

500 872 529 897 c.
567 874 661 897 nno:
697 865 783 904 ‘a8‚’
810 873 876 906 pro
906 864 1054 906 pignore
1082 866 1124 908 (c.
1148 865 1188 897 13
1209 866 1273 908 23);
1301 868 1310 884 6
1322 866 1360 898 in
1390 866 1602 907 proportion
1632 866 1698 906 to,’
1731 875 1798 907 pro

566 919 815 952 mediocritate
835 921 878 963 (c.
901 921 918 953 7
938 921 985 963 4);
1009 930 1074 962 pro
1096 921 1270 963 dignitate
1286 930 1408 954 rerum
1424 922 1467 965 (c.
1488 921 1532 954 30
1547 922 1611 965 29);
1631 936 1674 950 --
1693 921 1758 954 ‘de
1770 922 1796 955 ’τ

566 985 631 1017 pro
648 976 823 1008 memoria
839 976 910 1008 mei
929 976 993 1019 (*c.
1017 976 1057 1008 13
1073 977 1132 1019 26).

385 1031 449 1086 (3)
502 1031 613 1070 With
643 1031 872 1070 accusative
902 1033 987 1070 and
1015 1032 1191 1071 ablativo
1202 1046 1215 1070 .·

500 1099 533 1123 a.
570 1100 619 1122 nv.
671 1090 709 1122 in
726 1091 906 1122 Neronem
923 1091 1124 1132 improbam
1142 1116 1150 1125 .
1171 1115 1179 1124 .
1201 1116 1209 1124 .
1229 1092 1430 1133 potentiam
1450 1093 1515 1136 (ἡ).
1537 1093 1576 1125 11
1596 1093 1643 1136 9);
1667 1107 1711 1121 =
1725 1093 1796 1127 ad:

566 1149 715 1187 paratus
731 1146 769 1178 in
786 1147 998 1188 obsequium
1017 1148 1082 1190 (³⁸⁵0.
1102 1147 1144 1179 41
1163 1148 1226 1190 13);
1251 1162 1295 1175 =
1309 1157 1422 1189 usque
1439 1149 1486 1181 ad
1501 1161 1508 1181 :
1533 1149 1571 1181 in
1587 1149 1683 1181 hunc
1699 1149 1796 1182 diem

569 1202 612 1244 (c.
635 1202 676 1235 17
694 1202 757 1244 16);
782 1217 825 1230 =
844 1205 852 1221 6
864 1212 914 1243 up
929 1202 1124 1235 towards':
1149 1203 1187 1235 in
1207 1203 1269 1236 illa
1289 1213 1392 1236 sacra
1415 1203 1564 1245 illosque
1587 1204 1708 1237 fontes
1727 1206 1792 1248 (θό.

567 1257 609 1290 13
622 1258 681 1300 19),
701 1258 739 1290 in
756 1259 871 1299 ipsam
887 1267 1007 1291 arcem
1023 1259 1065 1301 (c.
1083 1259 1124 1291 10
1137 1259 1197 1301 19),
1217 1259 1255 1291 in
1271 1259 1410 1292 caelum
1430 1259 1597 1292 laudibus
1612 1260 1799 1294 ferebatur

568 1314 612 1356 (e.
634 1314 676 1346 19
693 1316 738 1357 16)
746 1325 755 1355 ;
784 1314 821 1346 in
845 1313 964 1347 locum
984 1315 1026 1357 (c.
1050 1315 1090 1346 12
1108 1320 1138 1346 11
1166 1315 1205 1347 17
1223 1315 1286 1358 10);
1311 1315 1348 1347 in
1371 1315 1567 1356 publicum,
1594 1316 1632 1348 in
1656 1320 1799 1350 contra-

565 1369 660 1402 rium
677 1370 749 1402 and
765 1370 826 1402 the
843 1369 927 1410 like,
946 1379 1005 1402 see
1021 1370 1138 1402 under
1157 1374 1165 1390 6
1177 1370 1384 1412 Adjectives
1396 1372 1404 1388 '
1431 1372 1451 1403 2
1479 1372 1527 1414 (1)
1553 1372 1587 1404 b.
1601 1373 1759 1405 -With
1774 1382 1797 1406 a

565 1426 755 1458 concessive
773 1425 895 1458 force:
921 1426 958 1458 in
974 1435 1116 1459 summa
1132 1435 1253 1458 rerum
1278 1427 1440 1459 omnium
1464 1428 1689 1461 abundantia
1712 1438 1799 1461 con-

566 1480 711 1514 fitentes
730 1482 794 1524 (*c.
815 1481 836 1514 6
854 1482 916 1524 12);
942 1497 985 1509 =
1002 1482 1118 1514 inter:
1152 1486 1313 1515 oratores
1337 1483 1374 1515 in
1399 1484 1528 1525 quibus
1554 1486 1596 1527 (c.
1620 1485 1659 1517 17
1679 1485 1722 1527 1),
1749 1485 1796 1517 sit

564 1536 603 1569 in
629 1540 807 1578 apparatu
835 1537 911 1570 eius
943 1539 986 1581 (c.
1006 1539 1050 1570 22
1067 1539 1128 1581 2ο),
1160 1548 1226 1572 nec
1254 1539 1291 1571 in
1318 1540 1514 1572 virtutibus
1540 1549 1606 1573 nec
1634 1541 1672 1572 in
1699 1541 1796 1574 vitiis

563 1596 804 1625 numerantur
822 1594 865 1636 (c.
887 1593 928 1625 31
947 1595 1005 1637 12).
1059 1594 1114 1627 Cf.
1135 1596 1222 1627 Lex.
1243 1597 1326 1628 Tac.
1347 1605 1381 1637 p.
1402 1597 1491 1637 6103
1520 1596 1558 1628 in
1580 1596 1737 1638 fastidio,
1757 1597 1796 1630 in

563 1648 682 1688 laude,
702 1649 740 1680 in
755 1649 904 1690 honore,
925 1650 963 1682 in
979 1651 1240 1684 consuetudine
1256 1652 1320 1694 (ἕο.
1342 1652 1384 1684 18
1402 1658 1434 1685 17
1459 1653 1500 1685 19
1518 1658 1550 1684 15
1573 1652 1615 1684 32
1631 1653 1690 1695 31).

564 1703 621 1737 On
636 1704 698 1737 the
716 1704 857 1746 chanye,
879 1707 1065 1746 repetition
1081 1706 1153 1739 and
1170 1707 1383 1748 anastrophe
1406 1707 1445 1740 of
1467 1708 1717 1749 prepositiom,
1736 1717 1796 1741 see

563 1760 680 1793 below
695 1760 812 1793 under
832 1764 840 1780 ‘
853 1761 1051 1794 Collocatio
1066 1762 1286 1795 verborum.’

296 1816 335 1856 9.
379 1815 640 1855 PARncnns.

383 1882 446 1937 (1)
503 1882 743 1934 Copulative
779 1884 1075 1935 Conjunctions.

497 1959 530 1983 α.
566 1961 634 1983 ET:

565 2019 596 2039 α.
632 2007 684 2039 At
701 2007 763 2039 the
782 2006 970 2048 beyinniny
986 2007 1025 2039 of
1043 2017 1065 2040 a
1080 2011 1249 2041 sentence
1263 2022 1271 2042 :
1295 2010 1347 2042 ³⁸⁵0.
1364 2009 1386 2041 4
1399 2015 1413 2041 1
1431 2010 1473 2042 16
1485 2015 1502 2043 5
1517 2011 1561 2043 28
1574 2016 1589 2042 1
1606 2010 1648 2043 32
1661 2016 1695 2045 27
1709 2011 1753 2044 33
1765 2017 1792 2044 1.

564 2065 598 2104 β.
634 2063 677 2095 111
695 2072 741 2095 an
760 2062 967 2103 affirmative
982 2072 1106 2096 sense:
1130 2065 1181 2096 *c.
1202 2065 1246 2096 25
1262 2071 1305 2098 24.
1352 2065 1407 2098 Cf.
1428 2066 1514 2098 Lex.
1535 2067 1618 2099 Tac.
1639 2076 1673 2107 p.
1692 2066 1770 2099 403.

566 2129 600 2158 γ.
634 2134 677 2146 =
693 2119 815 2158 etiam,
843 2128 873 2151 c.
894 2119 938 2150 40
953 2124 987 2150 25
1012 2119 1053 2150 13
1069 2124 1103 2150 24
1126 2120 1167 2151 21
1184 2126 1219 2153 27
1244 2120 1375 2163 (twice)
1402 2121 1475 2153 and
1498 2123 1541 2154 25
1562 2128 1594 2154 13
1620 2123 1682 2165 (by
1713 2132 1799 2156 con-

632 2174 795 2217 jecture).

569 2234 597 2265 δ.
637 2232 740 2264 With
757 2231 993 2271 comparative
1013 2230 1111 2263 force
1126 2244 1133 2264 :
1157 2231 1292 2272 pariter
1308 2235 1344 2264 et
1362 2233 1426 2275 (³⁸⁵0.
1448 2234 1468 2265 5
1483 2239 1517 2265 28
1540 2233 1583 2265 39
1600 2234 1657 2277 15).

567 2301 590 2321 ε.
634 2288 863 2328 Epexeyetz‘c:
889 2296 918 2318 c.
939 2286 959 2317 6
977 2292 1009 2318 19
1032 2287 1073 2318 *7
1092 2292 1124 2318 16
1147 2287 1239 2319 2013
1262 2288 1355 2319 2810
1378 2288 1449 2321 339
1473 2289 1515 2321 36
1528 2296 1553 2322 9.

568 2349 593 2387 ζ.
632 2346 736 2379 Joins
753 2355 774 2378 a
791 2345 926 2385 specific
945 2348 1038 2376 term
1055 2347 1093 2376 to
1109 2345 1171 2376 the
1187 2353 1286 2376 more
1305 2345 1445 2385 general
1456 2354 1467 2376 .·
1493 2355 1521 2377 c.
1542 2347 1562 2377 2
1576 2351 1608 2376 12
1630 2346 1674 2378 *9
1686 2351 1700 2377 1
1727 2346 1768 2379 13
1780 2352 1799 2379 3

635 2403 722 2434 1629
747 2402 871 2434 19724
896 2402 968 2433 208
990 2402 1101 2433 *2218
1123 2400 1222 2432 2410.

566 2471 597 2499 η.
632 2459 737 2503 Joins
754 2467 991 2498 synonymous
1012 2458 1137 2491 verbs:
1161 2458 1213 2490 *c.
1233 2457 1254 2489 4
1266 2463 1283 2489 3
1304 2457 1322 2489 7
1335 2463 1353 2488 8
1373 2457 1394 2488 8
1406 2462 1440 2487 22
1463 2457 1580 2489 916.ae
1602 2458 1641 2490 11
1655 2464 1672 2491 7
1687 2458 1750 2491 *17
1763 2463 1800 2491 29

634 2518 722 2548 2222
746 2516 835 2548 2634
859 2516 902 2548 30
917 2523 950 2548 25
973 2516 1045 2548 326
1068 2515 1140 2548 339
1163 2515 1261 2548 3922.
1314 2515 1379 2548 See
1399 2515 1553 2554 ‘atque’

567 2574 594 2605 θ.
633 2573 737 2606 Joins
761 2583 808 2606 an
835 2573 1043 2606 attributive
1068 2572 1138 2614 adj.
1159 2572 1231 2605 and
1255 2571 1431 2614 genitive:
1465 2571 1530 2603 See
1554 2569 1691 2603 critical
1711 2573 1800 2603 note

634 2638 663 2662 c.
686 2630 727 2662 10
743 2636 786 2662 36.

567 2697 587 2717 ι.
634 2686 665 2718 et
690 2686 764 2725 ipse
784 2685 1001 2718 ‘likewise':
1026 2686 1077 2718 *c.
1098 2685 1167 2717 301
1194 2685 1236 2718 37
1250 2691 1291 2718 15.

567 2752 595 2773 κ.
635 2740 761 2781 Before
784 2751 806 2774 a
829 2741 1008 2781 neyative:
1034 2744 1070 2773 et
1085 2741 1193 2773 nullis
1212 2742 1276 2783 (*c.
1299 2742 1340 2773 12
1353 2747 1370 2773 8
1392 2741 1436 2773 28
1447 2747 1474 2773 5.
1526 2739 1581 2773 Cf.
1602 2740 1688 2772 Lex.
1709 2739 1794 2772 Tac.

634 2806 667 2838 p.
689 2796 784 2838 394);
811 2797 903 2836 aster
919 2806 941 2829 a
956 2797 1143 2838 negative:
1171 2798 1235 2839 (ἢ).
1253 2798 1319 2829 210
1341 2797 1392 2829 44
1414 2797 1455 2829 21
1469 2803 1486 2828 3
1510 2797 1576 2829 526
1600 2797 1640 2829 17
1654 2802 1688 2829 27
1708 2796 1798 2827 2025

634 2853 676 2884 22
695 2853 756 2894 15);
781 2855 817 2884 et
831 2877 838 2884 .
858 2877 865 2884 .
885 2877 892 2884 .
907 2854 944 2884 et
960 2851 1088 2885 astera
1104 2852 1289 2894 negative:
1314 2853 1365 2884 *c.
1387 2853 1435 2884 55
1454 2851 1540 2884 3411
1555 2864 1564 2894 ;
1588 2852 1796 2894 ne-quidem

636 2911 782 2940 ...etz
807 2917 836 2940 e.
859 2908 943 2940 101.
